3392 5500
1754 545 2071 605 ...76—

812 680 1037 777 gloria
1087 680 1561 753 certaminum
1609 676 1814 753 datus
1873 680 2074 753 locus
2121 686 2225 753 est
2281 678 2479 752 novis
2527 679 2854 775 ingeniiS‚
2919 702 3049 753 nec

811 796 1194 870 defuerunt
1232 796 1355 892 qui
1396 818 1589 891 epoS,
1644 796 1770 892 qui
1814 795 2107 893 lyricam
2157 801 2226 869 et
2274 795 2732 870 dramaticam
2777 797 3046 892 poesim

812 936 1072 1009 augere
1100 916 1484 985 tentarent.

911 1030 993 1101 In
1018 1052 1099 1103 eo
1118 1050 1283 1101 vero
1307 1028 1667 1124 praecipua
1687 1028 1843 1102 laus
1869 1030 2313 1102 scenicorum
2332 1028 2823 1124 collegiorum,
2856 1029 3051 1127 quod

814 1146 1301 1244 pulcherrima
1332 1150 1650 1217 veterum
1680 1154 2050 1241 poetarum
2081 1166 2298 1242 opera
2326 1146 2579 1242 agresti
2612 1146 2718 1219 vel
2749 1144 3051 1220 barbaro

814 1262 966 1336 orbi
1013 1260 1414 1334 intulerunt
1431 1287 1450 1349 ;
1498 1262 1668 1333 hinc
1713 1263 1905 1335 enim
1953 1263 2024 1334 in
2071 1261 2409 1334 Armenia
2444 1263 2782 1357 Tigranes
2828 1261 3052 1358 pluri-

814 1403 969 1454 mos
1000 1378 1307 1453 artifices
1346 1381 1807 1475 congregavit
1837 1385 1906 1453 et
1941 1377 2131 1475 apud
2163 1378 2458 1451 Parthos
2489 1378 2845 1475 tragoedus
2873 1402 3052 1476 gree-

814 1520 938 1569 cus
974 1494 1285 1569 Bacchas
1325 1494 1686 1590 Euripidis
1717 1495 1855 1591 egit
1899 1493 2038 1593 (1);
2086 1494 2284 1567 illinc
2323 1495 2513 1590 apud
2546 1494 2802 1567 Jubam
2844 1499 3049 1569 Mau-

817 1612 1105 1684 retaniae
1158 1630 1423 1705 regem,
1472 1610 1738 1682 scenici
1781 1610 1993 1705 graeci
2034 1609 2215 1682 bene
2267 1611 2536 1706 accepti
2586 1609 3043 1710 fuerunt(2);

728 1752 732 1758 ·
814 1750 945 1802 nec
984 1726 1132 1799 ulla
1171 1724 1410 1798 civitas
1459 1725 1546 1800 ad
1587 1726 2004 1824 spectandas
2045 1728 2441 1824 priscorum
2492 1734 2733 1801 vatum
2779 1728 3052 1804 fabulas

813 1842 1203 1919 artificibus
1269 1844 1520 1916 caruit.
1611 1847 1844 1918 Pauca
1911 1843 2264 1917 ediderint
2318 1846 2615 1941 posteris
2670 1832 3040 1935 tradenda,

770 2042 785 2066 Ι
815 1968 1003 2037 certe
1042 1957 1439 2057 aequalibus
1480 1961 1627 2035 suis
1667 1962 1975 2034 multum
2005 1961 2434 2057 profuerunt
2464 1984 2628 2033 cum
2661 1961 2924 2058 quibus
2951 1968 3049 2036 tot

814 2078 1089 2175 egregia
1125 2101 1364 2174 opera,
1405 2104 1565 2177 quae
1610 2076 1948 2151 audiendi
1987 2078 2360 2174 perpaucis
2407 2078 2605 2173 prius
2651 2078 2858 2174 copia
2889 2079 3050 2152 data

814 2194 1064 2284 fuerat,
1108 2196 1843 2269 communicaverunt.
1878 2194 2181 2268 Videtur
2214 2194 2428 2289 igitur
2456 2194 2592 2267 hoc
2613 2194 2860 2268 lumen
2890 2219 3047 2267 mu-

813 2311 1119 2385 sicarum
1161 2314 1421 2386 artium
1465 2311 1657 2409 quod
1707 2312 1779 2383 in
1815 2311 2030 2384 veteri
2076 2310 2343 2382 Graecia
2386 2315 2454 2382 et
2493 2310 2798 2381 maxime
2821 2308 3046 2381 Athe-

816 2426 951 2515 nis,
1006 2433 1199 2499 tanta
1250 2428 1567 2502 claritate
1625 2424 2072 2523 splendebat,
2124 2448 2272 2497 non
2324 2423 2750 2498 exstinctum
2801 2422 3040 2512 fuisse,

815 2542 939 2615 sed
970 2566 1097 2638 per
1125 2549 1354 2616 totum
1387 2545 1531 2617 fere
1566 2543 1816 2617 orbem
1848 2541 2218 2628 diffusum,
2255 2562 2398 2637 quo
2425 2539 2660 2637 latiuS,
2693 2561 2777 2611 eo
2809 2539 3048 2611 minus

815 2658 1042 2731 vivide
1080 2658 1450 2734 effulsisse.

1840 2992 2033 3065 V111.

870 3257 1288 3329 Quantum
1327 3256 1567 3313 boni·
1606 3255 1978 3312 mnu-ihu·
2016 3257 2098 3310 et
2137 3255 2601 3313 Graecorum
2641 3255 2998 3313 libertati

1330 3351 1685 3412 artifice·
1723 3355 2022 3412 scenici
2061 3347 2541 3412 nocuerint?

915 3599 1015 3670 De
1065 3595 1385 3669 moribus
1441 3595 1888 3669 scenicorum
1945 3616 2366 3690 graecorum,
2412 3600 2661 3667 notum
2708 3599 2813 3667 est
2863 3592 3047 3668 illud

815 3712 1217 3785 Aristotelis
1253 3710 1674 3808 problema:
1739 3709 2079 3797 «Quibus
2132 3710 2358 3782 causis
2423 3710 2683 3783 scenici
2743 3711 3046 3785 artifices

815 3828 1243 3925 plerumque
1281 3827 1473 3923 pravi
1506 3849 1655 3901 esse
1684 3826 1964 3900 solent?
1995 3828 2244 3898 Nonne
2283 3824 2474 3920 quod
2509 3826 2726 3898 studii
2755 3827 3044 3922 sapien-

817 3947 933 4019 tiae
986 3944 1283 4017 minime
1342 3944 1720 4040 participes
1779 3948 1983 4028 sunt,
2052 3946 2477 4037 cousumpta
2528 3942 2603 4014 in
2657 3941 3043 4015 necessaria

810 4059 1098 4146 ‚artificii
1130 4057 1590 4132 meditatione
1619 4057 1778 4132 vitae
1813 4057 2118 4132 maxima
2153 4063 2374 4152 parte,
2411 4062 2481 4131 et
2507 4056 2698 4153 quod
2728 4057 3043 4153 plerum-

893 4365 976 4446 (1)
1021 4364 1341 4425 Plutarch.
1351 4411 1370 4441 ,
1400 4364 1712 4440 LuculluS,
1744 4368 1844 4427 29.
1875 4397 1956 4412 —
1991 4362 2256 4437 Crassus,
2291 4364 2390 4425 33.

864 4461 973 4540 (2)
1015 4458 1378 4534 AthenaeuS,
1411 4459 1571 4533 VIII,
1610 4477 1674 4538 p.
1705 4461 1928 4521 4243.-
1951 4459 2085 4537 Ipse
2117 4458 2284 4520 Juba
2311 4461 2420 4518 aut
2446 4456 2584 4534 ejus
2615 4473 2810 4534 nepos
2839 4457 3038 4518 Μουσι-

811 4552 1179 4638 κὴν-ἱστορίαν
1208 4552 1586 4632 perscripsit.
