3392 5500
1291 517 1607 576 ...3¹7—

1401 791 1486 864 V.

473 1027 909 1101 Privsseflia
951 1032 1056 1086 ab
1095 1029 1803 1100 Amphietionibun
1842 1032 1923 1084 et
1962 1029 2424 1086 civitatibus

1083 1130 1438 1202 conenit-
1459 1127 1823 1185 leonto.

419 1346 590 1416 Haec
629 1343 946 1440 collegia
979 1365 1063 1416 ex
1096 1341 1512 1416 hominibus
1561 1343 1893 1438 ingenuis
1928 1342 2321 1417 constantia
2378 1350 2448 1416 et
2482 1345 2553 1416 in

321 1461 630 1532 formam
657 1459 960 1532 civitatis
984 1461 1422 1556 congregatis
1443 1517 1460 1550 ‚
1488 1460 1805 1533 numinis
1824 1482 1972 1532 non
1996 1458 2230 1532 solum
2260 1458 2555 1555 antiquo

320 1576 720 1672 patrocinio
748 1575 874 1649 sed
903 1575 1424 1650 recentioribus
1458 1598 1748 1673 quoque
1778 1575 2087 1649 oraculis
2116 1585 2549 1663 consecrata,

319 1694 605 1789 pietate,
662 1716 888 1790 quum
928 1693 1001 1765 in
1054 1695 1448 1768 exercendo
1489 1694 1640 1790 ipso
1681 1693 1983 1767 artificio
2022 1699 2175 1765 tum
2228 1693 2304 1766 in
2354 1716 2559 1790 pera-

321 1809 570 1906 gendis
607 1810 907 1883 deorum
945 1811 1160 1883 sacris
1202 1810 1504 1906 insignia
1531 1864 1548 1899 ‚
1603 1807 2016 1884 Graecorum
2059 1809 2367 1884 favorem
2420 1809 2556 1884 sihi

319 1926 739 2001 conciliasse
792 1949 1251 2024 nequaquam
1299 1928 1564 2000 mirum
1607 1931 1739 2002 est.
1791 1926 2119 2000 Artifices
2154 1927 2369 2023 igitur
2407 1951 2552 2002 non

318 2041 537 2120 modo
567 2065 711 2118 non
741 2045 1021 2118 minore
1040 2045 1206 2140 jure
1231 2066 1449 2141 quam
1476 2049 1775 2134 ceterOS,
1816 2043 1937 2117 sed
1974 2043 2187 2116 etiam
2213 2043 2558 2139 praeclara

318 2159 629 2257 quadam
660 2161 1072 2235 conditione
1104 2159 1319 2234 fuisse
1367 2167 1438 2234 et
1470 2161 1622 2257 ipsa
1667 2183 1909 2234 rerum
1964 2161 2140 2233 ratio
2183 2160 2453 2235 indicat
2485 2170 2554 2236 et

307 2279 460 2374 jam
494 2277 766 2373 aliquot
790 2278 864 2349 in
891 2276 1154 2352 tabulis
1181 2278 1518 2374 inscripta
1542 2276 1974 2350 documenta
1997 2277 2546 2351 confirmabant.

319 2399 494 2468 Rem
534 2415 700 2468 vero
741 2394 970 2468 multo
1011 2393 1474 2468 illustriorem
1515 2393 1752 2466 effecit
1796 2393 2069 2490 insigne
2109 2416 2425 2467 marmor
2474 2395 2549 2466 in

314 2511 489 2608 ipsis
525 2511 786 2585 theatri
827 2510 1224 2605 Dionysiaci
1255 2509 1661 2596 ruderihu5‚
1700 2532 1890 2583 anno
1930 2514 2140 2599 1866,
2182 2510 2538 2584 effossum.

316 2629 502 2701 Huic
540 2627 764 2701 incisa
799 2633 966 2700 sunt
1016 2625 1189 2700 bina
1225 2626 1812 2724 Amphictionum
1866 2626 2147 2699 decreta
2171 2678 2191 2713 ‚
2236 2649 2545 2724 quorum

316 2744 727 2843 exemplum
766 2745 852 2819 ad
894 2741 1247 2841 populum
1285 2742 1795 2817 Atheniensem
1834 2742 2133 2816 missum
2173 2750 2242 2816 et
2284 2744 2358 2817 in
2400 2745 2547 2820 Me·-

312 2876 512 2951 troo‚
548 2862 672 2936 ubi
713 2863 978 2957 deponi
1018 2860 1339 2935 solebant
1373 2860 1679 2956 publicae
1728 2858 2016 2949 litterae,
2069 2869 2498 2936 asservatum
2522 2922 2541 2951 ,

313 2980 622 3054 artifices
674 2980 1014 3054 marmori
1085 2975 1549 3051 incidendum
1616 2983 2047 3051 curaverunt
2108 2984 2179 3051 et
2239 2979 2315 3051 in
2391 2980 2545 3076 ipso

313 3098 590 3172 theatro
642 3118 1101 3194 proposuere.
1170 3098 1409 3168 Unum
1447 3094 1653 3167 annis
1702 3094 1984 3167 circiter
2032 3099 2361 3169 272-189
2423 3108 2547 3170 aut

312 3216 554 3311 potius
606 3218 950 3300 225-189,
1014 3232 1156 3308 quo
1210 3216 1529 3305 tempore
1588 3209 1802 3283 AEtoli
1848 3210 1921 3282 in
1978 3210 2549 3306 Amphictionico

312 3331 616 3405 consilio
637 3336 1112 3427 praepotentes
1133 3326 1293 3399 facti
1318 3332 1507 3416 sunt,
1535 3324 2042 3423 assignandum
2070 3332 2176 3399 est
2187 3354 2206 3414 ;
2238 3326 2540 3401 alterum

311 3448 520 3521 annis
564 3451 881 3522 189-172
926 3442 1413 3529 tribuendum,
1456 3446 1833 3537 postquam
1861 3442 2084 3514 victor
2121 3440 2211 3514 Μ’
2245 3443 2539 3534 AciliuS‚

312 3564 550 3639 fractis
574 3561 973 3636 AEtolorum
1009 3558 1298 3651 viribus,
1330 3558 1703 3654 antiquam
1739 3556 2044 3631 formam
2075 3558 2357 3631 consilii
2393 3583 2545 3632 res-

310 3681 527 3754 tituit.
567 3680 736 3752 Haec
765 3676 1218 3752 decretorum
1248 3682 1595 3773 tempora,
1642 3676 1854 3749 certis
1896 3677 2333 3772 argumentis
2372 3700 2543 3751 con-

314 3797 581 3871 firmari
625 3800 951 3892 possunt,
994 3792 1142 3879 sed,
1209 3793 1551 3888 quoniam
1595 3791 1879 3889 longius
1931 3814 2043 3865 res
2100 3791 2281 3866 foret
2347 3815 2546 3891 repe-

311 3913 548 4001 tenda,
619 3935 778 3986 eam
839 3910 1394 4007 disputationem
1445 3934 1518 3982 1n
1584 3931 1898 4005 proesens
1941 3909 2177 3999 omisi,
2238 3908 2411 3983 alias
2458 3910 2547 3983 de

312 4036 587 4130 integro
625 4034 964 4126 repetam.
1005 4030 1212 4099 Nunc
1262 4032 1674 4122 utrumque,
1727 4025 2087 4122 praeterita
2140 4025 2547 4102 hieromne-

312 4171 615 4225 monum
647 4142 1350 4228 commemoratione,
1394 4143 1751 4238 apposui(
1732 4142 1857 4238 (1).

398 4341 480 4424 (1)
523 4337 806 4401 Titulum
832 4334 1074 4414 primus
1116 4329 1312 4391 edidit
1338 4329 1856 4391 Koumanoudis
1839 4350 1905 4390 1n
1934 4330 2336 4410 ephemeride
2362 4329 2551 4391 Athe-

309 4436 536 4510 niensi,
573 4428 896 4523 Χρυσοξλλίς,
934 4431 1007 4490 15
1028 4428 1203 4507 janv.
1235 4426 1412 4486 1866.
1447 4423 1676 4485 Gallico
1703 4424 2021 4485 transtulit
2046 4426 2256 4502 Egger
2296 4429 2359 4484 et
2394 4424 2549 4484 inse-

311 4533 442 4595 ruit
467 4529 673 4590 libro:
704 4507 936 4585 Etudes
977 4520 1324 4599 historiques
1362 4537 1463 4577 sur
1502 4517 1580 4578 les
1615 4518 1815 4579 truites
1841 4517 2093 4597 publies,
2124 4535 2183 4597 p.
2215 4518 2330 4579 287
2363 4523 2426 4614 et
2452 4535 2545 4595 sq.
