3392 5500
1840 549 2160 607 ..26-

979 679 1352 777 Singulare
1389 687 1629 753 autem
1674 679 2080 754 officiorum
2133 681 2538 778 exemplum
2572 690 2643 756 et
2675 683 2975 780 insignis
3002 707 3117 756 ar-

879 796 1154 869 tificum
1213 797 1288 868 in
1346 792 1717 868 referenda
1767 796 1991 891 gratia
2038 794 2421 892 diligentiae
2480 796 2799 872 exhibuit
2872 800 3107 886 Grato,

877 917 1081 1012 cujus
1127 912 1498 986 beneflciis
1557 919 1627 986 et
1677 910 2013 986 laudibus
2058 913 2349 987 refertos
2386 937 2504 987 sex
2548 914 2791 989 titulos
2822 915 3115 990 fortuna

874 1055 1105 1128 usque
1161 1031 1252 1104 ad
1297 1035 1615 1126 posteros
1650 1028 1962 1126 pertulit.
2011 1030 2143 1102 Hic
2192 1029 2322 1119 vir,
2374 1031 2823 1106 Chalcedone
2871 1038 3107 1119 natuS,

877 1147 1143 1222 tibicen
1167 1146 1499 1243 cyclicuS‚
1534 1169 1701 1219 mox
1733 1147 1809 1218 in
1839 1146 2091 1220 Teium
2123 1145 2507 1243 collegium
2535 1148 2962 1243 adscriptuS‚
2986 1171 3114 1221 so-

879 1263 1152 1338 dalium
1179 1262 1467 1336 utilitati
1503 1263 1713 1335 unice
1743 1259 2054 1336 deditam
2090 1263 2307 1336 vitam
2336 1263 2639 1360 peregit;
2677 1263 2885 1361 cujus
2920 1270 3117 1338 tanta

877 1381 1010 1455 fuit
1036 1403 1202 1476 erga
1234 1380 1550 1455 scenicos
1589 1403 1815 1476 quum
1859 1377 2147 1476 publice
2191 1386 2346 1452 tum
2382 1379 2651 1475 private
2684 1378 3116 1454 benevolen-

877 1499 972 1572 tia
1011 1505 1088 1571 ut
1133 1520 1281 1571 non
1317 1521 1358 1570 a
1387 1496 1751 1570 sodalibus
1786 1497 2019 1571 solum
2055 1497 2179 1570 sed
2208 1497 2423 1570 etiam
2464 1494 2551 1570 ab
2586 1498 2898 1569 externis
2934 1498 3112 1570 arti-

877 1613 1132 1688 ficibus
1181 1637 1267 1688 ex
1315 1613 1583 1688 Isthmo
1642 1619 1714 1687 et
1760 1617 2024 1688 Nemea
2072 1610 2427 1686 coleretur
2467 1610 2599 1710 (1).
2646 1613 2897 1685 Positae
2957 1614 3116 1710 ejus
3192 1640 3196 1645 ¹

875 1736 1122 1803 statuae
1167 1735 1237 1802 et
1280 1730 1547 1826 effigies
1575 1753 1725 1804 non
1749 1732 1871 1805 Tei
1910 1735 2214 1818 tantum,
2251 1725 2374 1802 sed
2417 1727 2631 1802 etiam
2668 1725 2825 1800 Deli
2845 1754 2866 1816 3
2905 1750 3115 1824 repe-

875 1846 1002 1921 tita
1048 1845 1125 1918 in
1168 1844 1499 1942 pluribus
1538 1846 1714 1920 locis
1760 1852 1828 1921 et
1869 1844 2064 1920 festis
2100 1843 2459 1918 honorum
2501 1850 2573 1917 et
2614 1841 3111 1918 laudationum

875 1963 1456 2037 commemoratio
1489 1961 1622 2060 (2).
1668 1963 1831 2050 Qui,
1892 1984 2117 2058 quum
2157 1961 2305 2058 jam
2351 1989 2387 2030 α
2421 1966 2765 2058 apparatu
2820 1961 3108 2058 impen-

873 2079 1111 2176 sisque
1138 2079 1410 2175 priores
1450 2079 1849 2154 sacerdotes
1882 2084 1951 2151 et
1996 2077 2460 2175 agonothetas
2498 2099 2745 2152 omnes
2782 2100 3110 2174 superas-

874 2202 977 2268 set
1012 2193 1115 2293 (3)
1152 2224 1182 2262 »
1239 2200 1306 2267 et
1349 2193 1951 2269 «memorabilem
2007 2193 2307 2290 posteris
2359 2193 2853 2290 magistratum
2892 2215 3107 2267 suum

876 2310 1274 2407 reliquisset
1300 2311 1404 2410 (4)
1438 2341 1469 2380 »
1493 2369 1512 2399 ,
1551 2312 1909 2408 praeterita
1938 2308 2284 2384 beneficia
2311 2309 2703 2406 majoribus
2741 2309 2957 2384 etiam
2986 2333 3110 2383 su-

869 2450 1117 2525 perare
1163 2450 1552 2524 aggressuS‚
1615 2427 1913 2524 gratiam
1956 2426 2297 2502 Eumenis
2348 2432 2417 2499 et
2468 2425 2711 2514 Attali,
2764 2449 2907 2522 qua
2954 2427 3107 2524 ipse

869 2543 1091 2618 fretus
1125 2544 1444 2640 Pergami
1467 2545 1586 2640 jus
1613 2543 1911 2616 civitatis
1940 2542 2239 2639 adeptus
2266 2548 2442 2633 erat,
2478 2541 2871 2617 artificibus
2903 2545 3107 2618 omni

868 2682 1004 2757 ope
1041 2658 1464 2746 conciliavit,
1508 2682 1689 2757 quos
1720 2660 1795 2731 in
1830 2681 2227 2757 cognomen
2261 2659 2539 2757 regium
2578 2657 2881 2734 adscitos
2908 2660 3105 2735 veri-

870 2775 1101 2850 simile
1119 2783 1223 2849 est
1252 2774 1637 2873 privilegiis
1657 2783 1947 2849 ornatos
1979 2775 2195 2849 fuisse
2219 2774 2348 2874 (5).
2375 2775 2690 2849 Tandem
2718 2775 3095 2865 decedenS‚

873 2900 952 2965 ut
989 2893 1482 2967 convenientia
1527 2894 1745 2966 totius
1784 2893 1943 2965 vitae
1978 2891 2205 2966 tenori
2246 2889 2595 2966 beneficia
2633 2891 3095 2989 relinqueret,

869 3008 1098 3081 oedem
1137 3008 1517 3082 Attalicam
1555 3006 1961 3104 sumptibus
1987 3009 2132 3081 suis
2160 3008 2617 3100 aedificatam,
2651 3007 2950 3082 domum
2990 3032 3099 3082 re-

866 3123 998 3217 gioe
1057 3124 1494 3219 contiguam,
1550 3123 1797 3197 decem
1860 3120 2057 3195 mille
2108 3130 2178 3196 et
2218 3123 2637 3221 quingentas
2694 3114 3093 3216 drachmaS‚

874 3262 1180 3335 quarum
1223 3262 1308 3313 ex
1359 3240 1592 3314 reditu
1640 3240 1896 3313 fierent
1946 3238 2292 3313 sacrificia
2332 3245 2405 3312 et
2445 3246 2670 3313 coetus
2714 3238 3091 3330 artificum,

870 3377 1105 3430 servos
1142 3378 1332 3447 suoS,
1383 3355 1721 3430 utensilia
1764 3355 1852 3429 ad
1899 3363 2233 3430 ornatum
2276 3354 2528 3453 templi
2574 3367 2697 3430 aut
2739 3356 3094 3431 scenicum

867 3478 1285 3569 apparatum
1345 3464 1741 3548 necessaria
1805 3470 2193 3547 sodalitatis
2262 3494 2411 3547 esse
2475 3478 2893 3547 testamento
2942 3473 3092 3570 jus-

865 3590 952 3663 sit
990 3588 1122 3688 (6).

961 3704 1280 3779 Artifices
1317 3712 1590 3794 contra,
1635 3728 1862 3801 quum
1902 3712 2006 3780 tot
2042 3712 2113 3779 et
2141 3706 2354 3779 tantis
2395 3704 2762 3781 beneficiis
2788 3727 3090 3801 respon-

865 3820 1032 3894 dere
1066 3820 1455 3911 studerent,
1497 3823 1573 3895 in
1612 3822 1809 3896 hunc
1846 3822 2080 3897 virum
2126 3823 2478 3919 congestis
2509 3822 2847 3897 omnibus
2874 3822 3089 3897 hono-

943 4072 1027 4153 (1)
1072 4070 1296 4153 Corpus
1326 4072 1501 4134 inser.
1532 4093 1654 4153 qr„
1685 4077 1843 4138 3068
1870 4076 1938 4136 C.

937 4165 1022 4247 (2)
1075 4164 1300 4246 Corpus
1325 4166 1504 4229 inser.
1535 4187 1627 4247 qr.
1639 4213 1660 4243 ‚
1689 4170 1869 4245 3067,
1901 4169 2061 4230 3068
2088 4170 2165 4228 Α.

940 4261 1026 4341 (3)
1074 4257 1298 4340 Corpus
1329 4259 1504 4322 inser.
1538 4280 1654 4340 qr„
1682 4263 1861 4337 3067,
1896 4260 1941 4323 1.
1974 4264 2148 4323 9-10.

939 4353 1027 4436 (4)
1072 4353 1298 4435 Corpus
1332 4354 1508 4416 inser.
1537 4374 1660 4435 qr„
1691 4357 1849 4417 3068
1875 4358 1943 4426 Β,
1970 4355 2013 4415 1.
2042 4358 2242 4417 11-12.

940 4449 1019 4528 (5)
1068 4446 1292 4527 Corpus
1324 4447 1498 4511 inser.
1529 4467 1652 4527 qr„
1680 4449 1860 4526 3069,
1892 4449 1937 4511 1.
1975 4452 2103 4511 9·2.

939 4540 1026 4621 (6)
1071 4540 1302 4621 Corpus
1329 4542 1503 4605 inser.
1533 4561 1656 4623 qr„
1687 4543 1873 4607 3069.
1904 4541 1943 4604 1.
1968 4545 2187 4619 20-283
2218 4544 2396 4605 3071.
