3392 5500
1315 502 1629 562 ...41-

348 640 548 735 lapiS‚
569 639 666 710 ita
693 637 1271 732 Amphictiouum
1300 635 1581 710 decreta
1599 636 2161 712 commemorant
2187 638 2319 736 (1).
2350 639 2582 727 Quem

349 754 594 828 datum
637 753 892 840 fuisse,
937 758 1004 824 et
1054 752 1319 824 indicia
1367 752 1696 850 quaedam
1737 756 1812 826 in
1853 754 2317 850 scriptoribus
2344 813 2359 842 ‚
2417 777 2579 850 quae

349 893 513 944 mox
539 874 882 966 repetam,
917 874 1301 964 supersunt
1339 879 1408 941 et
1441 867 1751 943 duorum
1782 870 2214 967 populorum
2249 869 2436 944 tituli
2468 872 2581 944 di-

347 995 529 1061 serte
555 986 1008 1060 confirmant.
1053 986 1292 1070 Quum
1331 985 1523 1058 enim
1562 987 1899 1059 Teiorum
1933 987 2174 1060 civitas
2202 986 2291 1060 ad
2330 1010 2583 1060 omnes

346 1102 770 1199 legationem
806 1102 1106 1174 misisset
1150 1123 1310 1198 quae
1343 1108 1617 1198 rogaret
1662 1108 1742 1175 ut
1776 1123 1977 1175 suam
2019 1101 2272 1175 urbem
2304 1100 2580 1174 Baccho

347 1227 830 1292 consecratam
868 1217 1277 1291 inviolatam
1307 1241 1456 1292 esse
1482 1217 1841 1315 juberent,
1877 1219 2064 1290 inter
2096 1217 2413 1316 plurima
2441 1240 2585 1291 res-

344 1358 592 1431 ponsa,
642 1357 798 1431 quae
836 1333 956 1406 Tei
997 1335 1244 1430 parieti
1273 1333 1673 1430 ,cujusdam
1730 1335 1901 1408 aedis
1952 1334 2174 1407 incisa
2212 1356 2441 1430 usque
2493 1332 2582 1406 ad

341 1458 654 1525 nostram
685 1457 966 1526 aetatem
994 1457 1570 1548 permanserunt,
1602 1450 2001 1525 AEtolorum
2037 1457 2107 1525 et
2134 1450 2581 1548 Delphorum

345 1570 626 1643 decreta
663 1568 975 1642 notanda
1015 1574 1206 1640 sunt.
1261 1569 1350 1640 Hi
1403 1569 1624 1658 enim,
1668 1575 2044 1665 postquam
2096 1567 2402 1666 benigne
2448 1591 2582 1642 ex-

342 1691 568 1783 ceptae
598 1685 970 1782 legationis
1004 1685 1274 1759 mentio
1305 1684 1488 1758 facta
1529 1691 1632 1759 est
1677 1692 1745 1760 et
1773 1684 2021 1758 sedulo
2065 1682 2377 1759 definitae
2418 1694 2584 1758 sunt

340 1803 761 1877 immunitas
785 1809 853 1876 et
883 1800 1104 1875 tutela
1134 1801 1295 1876 urbi
1321 1825 1633 1899 agroque
1657 1808 1729 1874 et
1764 1801 2018 1876 incolis
2044 1803 2164 1876 Tei
2196 1825 2577 1889 concessae,

340 1920 653 1995 addunt:
693 1948 723 1987 «
745 1920 926 1992 sicut
941 1925 1011 1992 et
1042 1919 1342 1992 scenicis
1358 1918 1800 1993 artificibus»
1827 1975 1841 1990 .
1871 1917 1989 1990 Illi
2011 1919 2223 1992 etiam
2255 1917 2583 1992 disertius

351 2066 386 2104 «
417 2033 1028 2134 quemadmodum
1060 2035 1136 2107 in
1179 2035 1476 2110 scenicis
1516 2033 1909 2108 artificibus
1947 2034 2101 2108 fieri
2150 2032 2263 2108 lex
2299 2035 2584 2109 AEtolo-

339 2177 504 2226 rum
537 2151 742 2249 jubet
781 2153 889 2250 (2)
920 2183 952 2219 »
976 2209 993 2224 .
1039 2152 1254 2233 ,Unde
1293 2152 1374 2224 fit
1410 2152 1795 2226 verisimile
1835 2152 1910 2224 in
1958 2150 2296 2226 omnibus
2340 2153 2583 2226 civita-

295 2297 300 2302 ·
337 2268 532 2342 tibus
573 2276 795 2343 certas
842 2268 1034 2366 leges
1082 2274 1270 2344 ratas
1311 2269 1553 2358 fuisse,
1599 2291 1906 2363 quarum
1963 2267 2305 2365 peculiari
2360 2268 2583 2344 tutela

337 2386 601 2459 scenici
628 2385 1011 2460 artificium
1043 2410 1255 2460 suum
1289 2391 1719 2460 exercerent.

437 2503 790 2588 Ceterum,
844 2509 921 2575 ut
962 2503 1119 2576 haec
1156 2501 1520 2599 privilegia
1567 2502 1857 2576 maximi
1917 2504 2311 2591 momenti,
2362 2505 2459 2577 ita
2506 2505 2581 2576 in
2704 2583 2715 2596 ,

334 2618 422 2688 iis
459 2615 911 2690 conferendis
948 2616 1131 2690 nihil
1167 2616 1590 2690 inusitatum
1621 2616 2201 2712 excogitaverunt
2235 2619 2580 2715 Amphic-

336 2733 592 2822 tioneS‚
657 2734 778 2807 sed
817 2732 1159 2831 pleraque
1217 2758 1256 2806 e
1306 2731 1556 2829 priscis
1607 2731 2052 2830 temporibus
2110 2737 2582 2832 et'maj0rum

335 2849 678 2921 institutis
714 2850 1010 2945 repetita
1041 2848 1260 2923 fuisse
1299 2849 1631 2941 arbitror,
1670 2872 1828 2945 quae
1868 2849 1945 2921 in
1984 2846 2415 2925 oblivionem
2458 2857 2581 2923 aut

338 2963 645 3056 dubium
694 2964 1000 3039 adducta
1055 2965 1361 3039 artifices
1409 2964 1845 3039 studuerunt
1883 2972 1960 3037 ut
2019 2988 2146 3060 per
2194 2988 2579 3041 commune

338 3085 748 3155 Graecorum
802 3080 1184 3156 consilium
1237 3090 1791 3172 renovarentur,
1844 3080 2474 3173 confirmarentur,
2510 3090 2579 3155 et

336 3196 596 3270 melius
652 3197 942 3271 definita
990 3199 1066 3269 in
1110 3198 1306 3270 omni
1350 3200 1620 3271 Graecia
1669 3199 2011 3295 vigerent,
2077 3200 2251 3283 Quae
2303 3198 2582 3294 singula

339 3322 803 3404 recensenteS,
826 3313 1112 3411 planius
1139 3314 1541 3389 videbimus
1570 3317 1643 3387 in
1666 3316 1780 3389 his
1804 3314 2018 3389 rebus
2043 3315 2579 3412 Amphictiones

335 3430 519 3506 nihil
557 3430 872 3506 attulisse
917 3432 1107 3521 novi,
1150 3437 1408 3527 praeter
1446 3432 1913 3505 sanctionem.

433 3548 771 3637 Omnino,
808 3548 866 3620 si
897 3548 1183 3645 quaeriS,
1218 3545 1363 3622 duo
1394 3554 1559 3621 sunt
1602 3572 1765 3645 quae
1807 3547 2201 3621 artificibus
2236 3554 2429 3622 extra
2459 3551 2578 3646 jus

211 3748 214 3754 ¹
333 3686 718 3739 commune
756 3665 1178 3740 tribuuntur
1213 3691 1231 3739 ε
1277 3667 1692 3739 immunitas
1722 3673 1791 3741 et
1824 3664 2349 3741 inviolabilitas.

436 3790 504 3856 1⁰
551 3784 973 3858 Immunitas
1013 3785 1090 3856 in
1143 3791 1449 3881 utroque
1495 3785 1784 3858 decreto
1824 3784 2085 3881 saepius
2132 3808 2568 3859 commemo-

335 3906 510 3988 rata,
549 3922 1142 3995 quarum-rerum
1187 3902 1299 3991 sit,
1364 3901 1558 3998 prior
1614 3900 1950 3998 explanat
1990 3899 2267 3992 titulus,
2313 3902 2575 3998 jubens

345 4015 711 4089 «artifices
739 4016 1034 4089 omnino
1055 4017 1425 4090 'immunes
1453 4040 1605 4091 esse
1638 4016 1923 4107 militia,
1959 4010 2181 4113 quum
2221 4019 2572 4093 maritima

331 4140 486 4205 tum
535 4131 848 4229 pedestri
911 4132 1019 4227 (3)
1059 4162 1133 4205 ».
1191 4133 1403 4229 Apud
1457 4137 1814 4207 Romanos
1871 4157 2157 4229 quoque
2209 4136 2571 4231 provisum

413 4324 497 4403 (1)
543 4319 769 4401 Corpus
791 4321 966 4382 inser.
993 4342 1114 4403 qr„
1149 4324 1327 4395 3067,
1357 4322 1401 4382 l.
1433 4323 1523 4383 17.
1545 4324 1812 4382 Decreta
1831 4322 2365 4400 Amphictionum‚
2394 4323 2439 4383 1.
2471 4326 2567 4385 13.

417 4416 502 4497 (2)
543 4418 628 4475 Le
658 4418 777 4475 Bas
801 4421 864 4476 et
895 4415 1341 4493 Waddington‚
1364 4414 1552 4477 Inscr.
1584 4414 2102 4492 d'Asie-Mz'neure,
2136 4418 2349 4478 8-4-85.

408 4509 485 4591 (3)
533 4511 797 4570 Decreta
827 4510 1364 4589 Amphictionum‚
1397 4510 1442 4571 1.
1474 4513 1679 4573 14-16.
