3392 5500
1806 523 2123 580 -44-

832 659 1333 754 Apterensium
1371 656 1653 730 decreto
1694 655 1981 729 additur
2013 681 2031 728 ε
2092 685 2124 724 (ι
2156 655 2229 729 Si
2268 654 2427 751 quis
2464 677 2547 728 ex
2584 657 2844 752 Aptera
2880 658 3064 729 Teiis

825 776 1168 872 injuriam
1213 775 1482 865 fecerit,
1523 780 1853 847 teneatur
1892 773 2044 869 lege
2092 773 2179 846 de
2212 771 2585 868 sacrilegio
2633 770 2759 870 (1).
2794 803 2825 840 »
2880 772 3065 845 Plu—

824 891 1024 964 ribus
1060 916 1214 965 rem
1245 890 1625 988 explanant
1662 889 1880 964 AEtoli
1944 894 2099 964 «Ne
2141 889 2353 962 liceat
2402 890 2743 985 cuiquam
2789 889 3063 963 AEtolo-

825 1033 984 1082 rum
1007 1015 1128 1082 aut
1147 1032 1395 1084 eorum
1414 1011 1535 1105 qui
1556 1008 1892 1082 AEtoliam
1911 1006 2235 1080 incolunt
2270 1005 2548 1080 trahere
2578 1006 2781 1079 Teios
2801 1013 2923 1078 aut
2942 1029 3061 1080 eos

822 1126 945 1222 qui
974 1128 1196 1198 Teum
1245 1124 1607 1212 incolunt,
1651 1149 1737 1198 ex
1775 1122 2094 1220 quolibet
2132 1123 2291 1198 loco
2330 1123 2677 1217 impetum
2732 1122 3054 1210 facienti3

823 1242 945 1314 sed
983 1242 1032 1313 ii
1063 1242 1197 1313 tuti
1233 1248 1303 1314 et
1333 1241 1645 1315 inviolati
1677 1247 1889 1315 sunto
1924 1241 2013 1314 ab
2044 1238 2294 1314 AEtolis
2326 1245 2398 1312 et
2425 1237 2514 1311 ab
2553 1239 2656 1311 eis
2695 1240 2820 1335 qui
2857 1241 3063 1312 AEto—

821 1361 989 1434 liam
1018 1359 1368 1435 incolunt.
1405 1361 1474 1434 Si
1503 1361 1663 1457 quis
1691 1383 1855 1434 vero
1889 1359 2123 1433 trahat
2152 1357 2261 1431 vel
2283 1357 2473 1454 ipsos
2498 1356 2605 1429 vel
2630 1381 2743 1431 res
2770 1380 2853 1432 ex
2884 1358 3058 1431 urbe

819 1485 941 1552 aut
970 1500 1160 1574 agro,
1203 1500 1365 1574 quae
1404 1478 1695 1574 quidem
1746 1476 2118 1550 manifesta
2164 1480 2400 1561 erunt,
2452 1497 2535 1548 ea
2586 1482 3055 1571 recuperanto

818 1603 1080 1691 praetor
1104 1600 1174 1667 et
1210 1595 1371 1668 novi
1395 1617 1673 1690 semper
1703 1592 2026 1690 synedri;
2062 1593 2150 1667 de
2180 1593 2267 1666 iis
2289 1614 2453 1665 vero
2482 1614 2639 1688 quae
2668 1614 2813 1664 non
2846 1599 3054 1666 erunt

820 1710 1217 1796 manifesta,
1255 1711 1435 1784 ratio
1461 1710 1824 1784 reddenda
1852 1709 1939 1783 sit
1967 1708 2111 1783 illis
2138 1708 2261 1804 qui
2288 1708 2625 1805 injuriam
2647 1707 3045 1797 intulerint,

817 1828 1000 1902 Teiis
1039 1829 1200 1902 data
1231 1826 1565 1902 facultate
1601 1826 1746 1900 litis
1784 1824 2244 1899 intendendae
2275 1830 2345 1899 et
2372 1831 2603 1898 cetera
2630 1827 2793 1923 jure
2823 1849 3057 1924 perse-

817 1945 1110 2042 quendi,
1152 1944 1763 2040 quemadmodum
1792 1949 1859 2018 et
1892 1945 1967 2017 in
1998 1941 2293 2016 scenicis
2328 1940 2719 2016 artificibus
2746 1943 2903 2016 fieri
2939 1943 3055 2017 lex

815 2061 1215 2135 AEtolorum
1232 2061 1442 2158 jubet
1464 2059 1597 2158 (2).
1623 2090 1656 2127 »
1700 2060 1826 2134 His
1857 2059 2130 2133 ultimis
2156 2057 2385 2134 verbis
2404 2057 2877 2133 admonemur
2899 2061 3051 2157 jam

817 2193 1025 2251 antea
1055 2179 1249 2251 idem
1272 2178 1453 2275 juris
1492 2176 1881 2251 artificibus
1924 2199 2342 2250 concessum
2379 2175 2593 2250 fuisse
2644 2176 2840 2273 quod
2879 2183 3053 2252 tunc

814 2294 997 2366 Teiis
1041 2294 1482 2368 conceditur.
1542 2297 1621 2366 In
1669 2294 1860 2368 bello
1899 2293 2074 2389 quid
2108 2294 2246 2367 hoc
2280 2293 2527 2379 valeat,
2580 2294 2747 2367 satis
2783 2297 3055 2392 perspi-

817 2433 1035 2484 cuum
1067 2419 1170 2486 est
1190 2438 1208 2499 ;
1268 2413 1336 2483 in
1370 2434 1571 2508 pace,
1609 2411 2018 2484 meminisse
2055 2416 2358 2506 oportet,
2400 2411 2690 2506 quando
2724 2411 2811 2484 lis
2846 2434 3049 2509 pere-

815 2529 1020 2624 grino
1053 2525 1567 2613 intenderetur,
1591 2527 1726 2601 civi
1752 2526 2037 2600 licuisse
2063 2526 2273 2600 rebus
2294 2533 2360 2601 et
2389 2528 2627 2617 servis,
2667 2526 2755 2600 de
2787 2527 3049 2625 quibus

814 2644 1156 2741 litigetur,
1197 2645 1431 2717 statim
1472 2666 1768 2717 manum
1808 2644 2123 2741 injicere.
2161 2645 2349 2729 Quas
2398 2643 2763 2731 vindiciaS,
2801 2643 3050 2718 adver—

816 2786 936 2835 sus
973 2768 1301 2836 externos
1339 2762 1715 2858 legitimam,
1769 2761 2052 2835 sustulit
2098 2760 2324 2831 ἀσυλία
2369 2761 2623 2835 artifici
2688 2785 3043 2836 concessa.

814 2882 893 2950 ln
937 2875 1272 2950 omnihus
1317 2878 1533 2974 igitur
1573 2876 2000 2972 regionibuS,
2044 2900 2154 2949 res
2201 2899 2361 2950 suas
2402 2885 2720 2974 repetere
2767 2888 2890 2953 aut
2923 2882 3048 2954 ad-

811 3018 1052 3066 versus
1075 3001 1512 3090 repetentem
1540 2995 1749 3078 tueri,
1788 3002 2130 3091 tanquam
2161 2994 2355 3084 cim,
2387 2996 2652 3089 potuit3
2689 2995 3046 3094 adjutores

811 3110 1025 3182 etiarn
1056 3110 1312 3183 habuit
1348 3111 1799 3206 magistratus
1828 3110 1953 3208 qui
1989 3110 2068 3181 in
2109 3133 2406 3182 munere
2444 3118 2673 3199 erant,
2705 3114 3039 3208 privatoS,

805 3227 1215 3322 quicunque
1245 3225 1596 3300 volebant.

906 3345 1079 3428 Quae
1110 3345 1450 3417 securitas
1493 3342 2085 3437 Amphictionum
2134 3341 2432 3416 decretis
2468 3344 2889 3420 confirmata
2938 3354 3043 3420 est

805 3466 873 3532 et
919 3459 1247 3557 pluribus
1287 3462 1517 3534 verbis
1553 3459 1873 3533 definita.
1934 3457 2278 3531 Additum
2321 3460 2531 3533 etiam
2576 3462 2647 3533 in
2692 3462 2914 3537 altero
2948 3488 3041 3537 ne

805 3577 921 3649 cui
958 3575 1165 3650 liceat
1187 3575 1492 3650 artifices
1511 3598 1642 3671 pro
1666 3576 1961 3671 pignore
1976 3575 2297 3665 trahere,
2333 3575 2622 3669 ῥυσιάζειν
2655 3578 2790 3677 (3).
2834 3582 3041 3667 Quod

805 3691 1094 3787 quidem
1143 3716 1181 3767 e
1225 3716 1403 3767 nova
1445 3690 1911 3788 collegiorum
1966 3692 2411 3765 institutione
2462 3700 2742 3784 ortu'm3
2813 3721 3038 3793 quum

801 3809 995 3881 enim
1030 3809 1421 3883 ‘sodalitatis
1460 3809 1755 3883 nomine
1796 3831 1966 3881 cum
2002 3808 2303 3882 urbibus
2342 3816 2462 3882 aut
2503 3812 2791 3905 privatis
2835 3823 3040 3910 pacta

801 3925 1076 4015 fierent,
1109 3927 1507 3999 timendum
1556 3925 1688 3998 fuit
1729 3948 1847 4016 ne,
1904 3928 1989 3999 iis
2047 3925 2386 4023 neglectis
2432 3926 2540 4001 vel
2580 3928 2871 4021 violatiS,
2915 3940 3040 4005 aut

799 4041 1047 4115 artifex
1085 4041 1344 4138 aliquis
1395 4042 1826 4130 traheretur,
1881 4048 2002 4115 aut
2044 4043 2267 4137 ipsius
2326 4066 2435 4116 res
2490 4055 2915 4142 raperentur
2954 4060 3035 4122 ut

800 4160 1112 4255 pignoris
1145 4158 1305 4232 loco
1340 4165 1599 4231 essent.

879 4426 964 4506 (fl)
1006 4429 1090 4486 Le
1117 4426 1234 4486 Bas
1263 4434 1326 4487 et
1361 4428 1809 4507 Waddington,
1841 4430 2033 4490 Inscr.
2065 4430 2588 4509 d'Asie-Mineure,
2622 4438 2722 4497 75.

881 4520 966 4600 (2)
1006 4519 1246 4596 Ibidem,
1280 4524 1379 4583 85.
1411 4522 1500 4583 Cf.
1544 4524 1642 4582 84.
1671 4556 1754 4569 —
1775 4523 1858 4603 (3)
1900 4526 2157 4586 Decreta
2188 4526 2720 4606 Amphictionum,
2754 4532 2795 4593 l.
2830 4537 2925 4594 84.
