3392 5500
1621 510 1972 573 -104—

688 647 1097 743 suscepisse.
1180 646 1307 719 His
1376 645 1980 735 commemoratiS,
2045 642 2244 717 addit
2318 669 2335 717 ε
2413 674 2448 711 α
2501 646 2916 743 Magistrum

685 766 780 838 Μ.
823 760 1199 836 Aurelium
1228 765 1573 835 Musaeum
1625 760 1750 858 qui
1789 765 1858 835 et
1905 760 2291 848 EortasiuS,
2341 759 2767 834 Sardianum
2807 784 2918 833 se-

648 860 1037 967 'natorem2
1076 877 1433 974 Delphum
1466 883 1864 953 senatorem
1896 883 1963 949 et
1994 876 2242 949 Eleum
2288 880 2358 949 et
2395 876 2917 972 Aphrodisien-
2989 957 2996 965 ,

684 995 870 1067 sium
910 1018 1273 1069 summum
1310 993 1617 1069 scribam
1648 992 2118 1093 (consecravi)
2153 993 2587 1067 honoratum
2617 992 2706 1067 ab
2733 994 2921 1067 Eleis

686 1118 756 1184 et
805 1112 1101 1209 Delphis
1158 1096 1435 1199 statuis,'
1493 1112 1810 1207 primum
1863 1118 1930 1185 et
1985 1110 2220 1184 solum
2277 1111 2511 1185 omnis
2557 1111 2919 1185 memoriae

684 1248 931 1300 eorum
973 1227 1098 1323 qui
1132 1226 1621 1324 proclamandi
1650 1234 1877 1302 artem
1911 1228 2320 1301 docuerunt
2355 1224 2486 1325 (1).
2523 1256 2556 1294 n

784 1344 1025 1415 Unum
1064 1336 1356 1416 titulum
1396 1341 1679 1435 addam,
1718 1342 2114 1417 breviorem
2149 1342 2443 1441 quidem
2475 1340 2596 1415 sed
2631 1364 2715 1416 eo
2759 1365 2928 1416 ma-

686 1458 790 1554 gis
821 1457 1127 1532 victoriis
1165 1466 1235 1532 et
1267 1459 1665 1534 honoribus
1704 1459 2075 1534 refertum.
2113 1461 2338 1545 Quem
2372 1458 2450 1530 in
2489 1480 2784 1554 corpore
2811 1458 2924 1532 in-

690 1575 1155 1671 scriptionum
1205 1576 1392 1650 male
1427 1575 1783 1667 habitum,
1831 1579 2098 1672 Spartae
2131 1576 2368 1649 denuo
2407 1572 2815 1670 transcripsi
2856 1581 2925 1648 et

688 1689 1086 1766 emendavi.
1140 1722 1174 1759 α
1224 1692 1481 1767 Civitas
1529 1696 2062 1789 Smyrnaeorum
2111 1693 2186 1765 C.
2238 1691 2510 1765 Julium
2559 1689 2924 1764 Julianum

690 1830 899 1881 suum
952 1808 1175 1882 civem
1221 1810 1344 1906 qui
1383 1809 1549 1883 vicit
1596 1808 1954 1905 tragoedis,
2009 1806 2357 1881 Uraniade
2409 1807 2616 1880 tertia
2651 1805 2752 1904 (id
2799 1812 2924 1895 est,

690 1922 879 1997 ludis
919 1923 1190 2020 Spartae
1217 1926 1291 1997 in
1326 1925 1677 1999 honorem
1704 1925 1890 1999 Jovis
1916 1924 2162 1998 Uranii
2201 1922 2530 2021 peractis)
2561 1927 2630 1997 et
2659 1922 2928 2019 pythiis
2979 1984 2982 1987 .

692 2045 761 2113 et
806 2039 1027 2112 Actiis
1084 2047 1153 2113 et
1208 2041 1284 2114 in
1333 2040 1838 2114 communibus
1888 2041 2072 2114 Asiae
2119 2046 2188 2113 et
2237 2039 2688 2113 Cretensium
2738 2037 2928 2111 ludis

693 2160 826 2243 ter,
861 2156 1033 2227 etin
1075 2156 1327 2229 ceteris
1364 2154 1872 2231 certaminibus
1905 2153 2564 2253 quinquennalibus
2593 2161 2662 2229 et
2692 2155 2928 2229 triete-

694 2271 859 2344 ricis
900 2278 1005 2345 ter
1040 2278 1331 2345 centum
1362 2279 1432 2345 et
1460 2272 1951 2369 quadraginta,
1995 2272 2273 2345 civitate
2308 2272 2568 2345 donato
2613 2270 2689 2342 in
2727 2269 2927 2344 omni

694 2387 966 2461 Graecia
1008 2393 1078 2461 et
1114 2388 1525 2462 Macedonia
1558 2394 1628 2463 et
1654 2388 2013 2462 Thessalia
2047 2386 2177 2486 (2).
2221 2418 2252 2456 n

792 2505 888 2575 Ex
934 2502 1287 2576 artificum
1336 2527 1735 2601 graecorum
1787 2502 2127 2601 dignitate
2174 2510 2243 2575 et
2287 2504 2544 2599 gratia,
2597 2501 2927 2576 nonnihil

694 2622 907 2695 etiam
962 2620 1052 2695 ad
1097 2622 1481 2696 histriones
1537 2622 1798 2697 latinos
1845 2622 2188 2719 pervenit.
2235 2624 2471 2708 Quum
2531 2622 2723 2695 enim
2777 2619 2930 2717 lege

696 2736 884 2810 Ju'lia
911 2735 998 2811 ab
1026 2738 1224 2811 omni
1263 2737 1537 2813 honore
1573 2744 1643 2812 et
1676 2738 2086 2836 magistratu
2119 2743 2479 2812 arceretur
2517 2735 2930 2833 quicunque

698 2858 923 2926 artem
968 2853 1321 2928 ludicram
1360 2862 1745 2946 exerceret,
1789 2855 1995 2928 annis
2040 2851 2444 2928 labentibus
2485 2876 2566 2927 ac
2610 2850 2932 2925 moribus

700 2968 1022 3057 inversiS,
1078 2969 1253 3044 adeo
1294 2977 1566 3044 mutata
1604 2971 1743 3043 fuit
1779 2969 2208 3043 histrionum
2250 2967 2565 3042 conditio
2611 2972 2688 3040 ut
2724 2965 2932 3063 vulgo

699 3084 952 3157 iisdem
1022 3093 1269 3160 statuae
1340 3089 1783 3184 erigerentur
1830 3093 1900 3159 et
1952 3086 2402 3183 magistratus
2454 3083 2924 3157 deferrentur.

702 3205 897 3275 Duos
932 3200 1247 3299 integros
1288 3203 1533 3278 titulos
1569 3202 1891 3300 proferre
1932 3202 2098 3275 satis
2135 3202 2288 3275 erit.
2337 3229 2368 3267 «
2403 3199 2590 3274 AElio
2632 3198 2931 3295 Augusti

698 3316 955 3392 liberto
984 3317 1276 3393 Aurelio
1304 3320 1688 3416 Apolausto
1713 3318 2153 3415 pantomimo
2184 3316 2679 3415 Augustalium
2709 3315 2934 3411 quin-

701 3434 1170 3529 quennalium
1210 3435 1547 3532 agonistae
1576 3435 1918 3531 temporis
1956 3434 2064 3508 sui
2103 3434 2362 3529 primo,
2393 3432 2674 3524 colonia
2709 3429 2934 3506 Aure-

701 3549 797 3624 lia
828 3554 1133 3648 Augusta
1170 3553 1291 3626 Pia
1321 3552 1738 3626 Canusium.
1773 3550 2261 3624 Decurionum
2300 3549 2585 3623 decreto
2624 3545 2753 3646 (3).
2789 3573 2932 3613 »-

601 3679 604 3683 ’
718 3670 997 3740 «Marco
1015 3666 1304 3741 Aurelio
1320 3670 1806 3765 Augustorum
1830 3665 2113 3756 liberto,
2138 3666 2368 3764 Agilio
2391 3661 2925 3762 Septemtrioni,

702 3784 1142 3880 pantomimo
1178 3785 1285 3858 sui
1330 3785 1668 3881 temporis
1699 3784 1958 3880 primo,
2004 3782 2388 3858 hieronicae
2433 3780 2584 3855 solo
2631 3780 2707 3853 in
2759 3775 2933 3852 urbe

570 3963 573 3966 ,
702 3905 1040 3972 coronato
1105 3900 1491 3996 diapanton
1548 3898 1635 3974 ab
1702 3899 2250 3996 imperatoribus
2302 3897 2614 3972 dominis
2672 3895 2934 3970 nostris

704 4017 955 4090 Severo
990 4022 1059 4089 et
1091 4017 1453 4092 Antonino
1490 4018 1853 4114 AugustiS‚
1903 4016 2210 4113 parasito
2250 4014 2628 4112 ApolliniS,
2664 4011 2931 4088 archie-

702 4133 807 4206 rei
846 4131 1119 4230 synodi,
1156 4133 1381 4209 seviro
1407 4133 1806 4232 Augustali,
1846 4133 2018 4207 huic
2048 4131 2450 4229 respublica
2474 4130 2924 4219 Praenestina,

781 4319 869 4400 (l)
912 4319 1226 4398 Philistor,
1254 4327 1297 4383 t.
1328 4324 1375 4397 1,
1397 4341 1461 4402 p.
1493 4326 1635 4386 329.

780 4412 867 4495 (2)
908 4416 993 4476 Le
1020 4415 1140 4476 Bas
1168 4419 1231 4477 et
1258 4418 1551 4494 Foucart,
1583 4416 1768 4480 Ins-cr.
1802 4415 1879 4478 du
1906 4414 2315 4499 Peloponneso,
2345 4417 2461 4480 179
2487 4431 2541 4476 α.

779 4506 866 4588 (3)
906 4509 1273 4586 Mommsen,
1306 4509 1720 4591 Inscriptiones
1745 4510 2170 4592 Neapolitanoe,
2207 4513 2344 4575 652.
