3392 5500
1810 522 2126 581 ...M-.-

832 657 1119 753 goedum
1148 653 1617 743 Thessalum,
1673 655 1885 727 etiam
1926 654 2327 727 domesticis
2365 652 2850 726 simultatibus
2891 654 3074 725 mis-

834 778 1102 848 cuerat.
1146 773 1303 861 Hic,
1341 773 1490 868 jam
1526 795 1567 844 a
1595 771 1986 867 primordio
2017 771 2243 867 regni,
2280 770 2807 867 magnificentia
2835 768 3074 843 adhuc

833 891 1203 978 inusitata,
1273 890 1718 963 scenicorum
1785 889 2016 962 studia
2075 890 2142 959 in
2207 912 2278 962 se
2349 887 2720 961 convertit.
2789 886 3074 959 Eversis

834 1007 1028 1080 enim
1063 1005 1351 1095 Thebis,
1389 1029 1714 1078 summus
1758 1005 2139 1101 imperator
2185 1027 2223 1077 a
2269 1005 2530 1076 Graecis
2560 1008 2836 1077 creatus
2872 1025 3075 1074 «ma-

833 1122 1094 1219 gnifica
1125 1121 1257 1194 diis
1296 1121 1640 1195 sacrificia
1682 1128 1752 1195 et
1789 1120 2104 1194 scenicos
2139 1120 2286 1193 Jovi
2327 1120 2688 1215 Musisque
2725 1116 2937 1192 ludos
2983 1116 3071 1191 ab

833 1237 1186 1311 Archelao
1221 1238 1445 1333 ipsius
1480 1243 1921 1311 antecessore
1959 1237 2342 1323 institutOS‚
2391 1236 2503 1308 Dii
2540 1236 2614 1308 in
2657 1234 3072 1308 Macedonia

832 1354 1123 1450 peregit.
1161 1354 1451 1427 Duravit
1480 1353 1696 1449 hujus
1741 1352 1900 1425 festi
1930 1351 2303 1426 celebritas
2329 1351 2420 1425 ad
2459 1374 2713 1425 novem
2755 1349 2935 1441 dies,
2975 1350 3072 1423 ita

834 1477 914 1542 ut
952 1473 1171 1545 Musoe
1200 1472 1547 1567 cujusque
1577 1471 1853 1544 nomini
1885 1469 2032 1545 dies
2064 1495 2248 1543 unus
2279 1468 2692 1543 dicaretur»
2733 1466 2866 1567 (1).
2898 1470 3072 1540 Cer-

830 1588 1101 1660 tamina
1144 1587 1441 1674 musica,
1498 1586 1904 1683 sumptibus
1942 1588 2027 1660 ad
2079 1587 2275 1659 hunc
2316 1585 2502 1660 diem
2533 1584 2898 1673 inauditiS‚
2946 1586 3069 1656 in-

831 1701 1155 1777 credibili
1194 1704 1415 1799 ipsius
1456 1703 1958 1799 sociorumque
1992 1709 2062 1776 et
2100 1701 2311 1800 Cypri
2353 1703 2760 1800 regulorum
2801 1701 3062 1792 studiO,

829 1820 1143 1916 primum
1183 1826 1341 1916 post
1374 1820 1717 1893 domitam
1756 1823 2137 1918 AEgyptum
2175 1820 2248 1891 in
2297 1821 2684 1893 Phoenicen
2714 1842 3060 1909 reversuS,

830 1934 1053 2009 edidit
1092 1934 1222 2033 (2).
1262 1940 1462 2009 Hanc
1496 1937 2094 2033 magnificentiam
2123 1938 2297 2033 ipse,
2333 1936 2566 2011 occiso
2599 1936 2835 2025 Dari0‚
2863 1959 3068 2032 supe—

830 2054 1007 2125 ravit
1041 2054 1117 2124 in
1156 2053 1302 2125 suis
1342 2059 1411 2126 et
1449 2052 1844 2126 amicorum
1882 2054 2178 2149 nuptiis,
2226 2076 2400 2150 quas
2441 2055 2634 2129 Susis
2671 2053 2921 2127 edidit.
2964 2053 3066 2125 De

836 2166 1101 2265 quibus
1140 2168 1628 2242 testimonium
1662 2167 1949 2265 reliquit
1984 2168 2248 2242 Chares
2277 2168 2756 2266 Mitylenaeus,
2803 2193 2990 2241 unus
3028 2192 3066 2240 e

835 2285 1043 2383 regiis
1100 2283 1480 2359 comitibus
1529 2286 1903 2381 sociisque.
1960 2286 2138 2373 Qui,
2208 2288 2780 2361 commemoratis
2829 2285 3067 2359 nomi-

790 2398 797 2407 ’
833 2403 1056 2475 natim
1100 2402 1335 2475 omnis
1363 2402 1643 2498 generis
1671 2401 2078 2475 clarissimis
2117 2403 2508 2499 artificibus
2550 2404 2674 2500 qui
2715 2402 2828 2476 his
2871 2400 3066 2475 festis

833 2517 1340 2604 interfuerunt,
1377 2516 1648 2591 addidit
1685 2540 1703 2589 :
1751 2546 1784 2583 «
1813 2521 1962 2589 ,lam
1991 2517 2157 2591 inde
2183 2520 2306 2615 qui
2335 2520 2534 2615 prius
2560 2518 2849 2615 Dionysi
2875 2540 3066 2592 voca-

833 2633 1122 2726 bantur,
1166 2633 1551 2707 Alexandri
1600 2632 2004 2707 adulatores
2041 2633 2209 2708 dicti
2243 2642 2434 2724 sunt,
2480 2643 2769 2733 propter
2813 2658 3066 2707 mune-

832 2773 995 2822 rum
1040 2747 1532 2823 incredibilem
1570 2749 1922 2823 modum»
1969 2747 2098 2850 (3).
2135 2755 2358 2825 Tanta
2386 2751 2809 2825 liberalitate
2838 2759 3063 2825 totum

833 2866 1280 2940 scenicorum
1320 2889 1546 2963 genus
1580 2889 1618 2940 e
1647 2868 1918 2942 Graecia
1947 2870 2326 2942 commovit
2361 2876 2429 2941 et
2460 2870 2535 2942 in
2570 2868 2859 2942 ultimos
2886 2870 3064 2941 Asiae

838 2981 1019 3056 fines
1056 2982 1153 3056 ita
1206 2984 1438 3078 rapuit
1487 2989 1567 3056 ut
1618 2982 2041 3057 Plutarchus
2097 2986 2582 3082 Arrianusque
2634 3010 2774 3060 non
2833 2986 3068 3059 minus

837 3123 1053 3198 quam
1084 3100 1218 3174 tria
1257 3099 1483 3173 millia
1528 3101 1939 3174 convenisse
1970 3100 2332 3175 affirment
2363 3101 2492 3201 (4).

936 3219 1293 3305 Ceterum,
1340 3223 1419 3287 ut
1457 3215 1861 3290 Alexander
1914 3217 2176 3314 insigni
2231 3241 2624 3314 graecarum
2693 3219 2955 3292 artium
3009 3224 3078 3291 et

839 3334 1240 3407 litterarum
1277 3355 1516 3405 amore
1552 3333 1834 3422 enituit,
1863 3335 1960 3406 ita
1989 3334 2064 3405 in
2096 3334 2402 3407 artifices
2432 3335 2750 3408 scenicos
2781 3334 3079 3407 nimiam

842 3447 1249 3521 facilitatem
1283 3445 1613 3520 ostendit.
1652 3451 1897 3544 Neque
1928 3448 2121 3521 enim
2152 3471 2401 3521 eorum
2435 3450 2650 3522 modo
2679 3448 3080 3522 aviditatem

845 3564 1172 3662 explevit,
1225 3566 1454 3662 utqui
1487 3566 1748 3661 Lyconi
1787 3567 2212 3661 Scarphensi
2248 3565 2573 3641 comoedo
2616 3566 2877 3640 fabulae
2918 3589 3086 3638 ver-

846 3705 1005 3753 sum
1054 3681 1393 3753 inserenti
1442 3703 1586 3777 quo
1633 3678 1882 3754 decem
1931 3681 2194 3754 talenta
2231 3690 2529 3779 peteret,
2576 3682 2818 3756 ridens
2857 3680 3086 3755 dede-

736 3839 741 3846 ·
850 3798 940 3869 rit
972 3795 1073 3895 (5)
1105 3822 1123 3884 ;
1166 3795 1287 3869 sed
1313 3797 1527 3870 etiam
1558 3796 1631 3869 id
1656 3821 1882 3894 genus
1904 3797 2280 3871 hominum
2305 3799 2642 3873 conviviis
2662 3805 2730 3872 et
2754 3797 3082 3872 amicitiae

848 3937 995 3986 suae
1048 3914 1371 3998 inseruit,
1426 3895 1865 3986 temulentus
1907 3915 2292 3987 chororum
2345 3915 2854 3990 certaminibus
2898 3937 3084 4012 prae-

935 4148 1019 4230 (1)
1049 4148 1377 4226 Diodorus,
1414 4150 1603 4224 XVII,
1638 4153 1734 4212 16.

933 4243 1014 4321 (2)
1062 4242 1400 4320 Plutarch„
1432 4242 1758 4318 Aleoeand.‚
1793 4247 1896 4322 293
1938 4245 2024 4307 De
2049 4245 2294 4326 for-luna
2325 4245 2679 4326 Alexandri,
2710 4249 2770 4310 2.

933 4335 1018 4418 (3)
1062 4335 1292 4398 Chares
1310 4337 1393 4396 fr.
1430 4338 1525 4414 16,
1558 4337 1727 4416 apud
1756 4339 2150 4416 Athenaeum,
2187 4361 2252 4422 p.
2286 4345 2425 4412 538.

938 4431 1021 4512 (4)
1065 4431 1411 4507 Plutarch„
1443 4430 1766 4508 Alexand„
1796 4438 1896 4497 72.
1921 4438 2345 4515 —ArrianuS‚
2378 4439 2508 4514 VII,
2548 4440 2646 4500 14.

938 4527 1009 4606 (5)
1054 4527 1375 4590 Plutarch.
1384 4572 1404 4604 ,
1436 4525 1761 4604 Alexand„
1789 4531 1884 4592 29.
