3392 5500
1337 532 1653 590 ...95-

376 663 659 737 addicta
704 670 832 750 est,
889 663 1005 735 sed
1057 684 1304 736 omnes
1363 663 1577 735 urbes
1614 662 1901 758 imperii
1952 663 2212 751 invisit,
2257 674 2612 761 περιπολισ-

377 786 545 857 ‘rix-A.
582 777 787 866 Quod
831 778 1028 851 haud
1076 778 1435 853 immerito
1474 776 1686 875 adjici
1728 784 2129 852 monstrant
2167 779 2354 853 tituli
2385 781 2460 853 in
2494 805 2613 855 re-

378 895 713 995 gionibus
732 896 1038 969 maxime
1063 896 1351 969 diversis
1384 895 1701 969 inventi:
1727 894 1900 968 hinc
1927 896 2365 986 Pessinunte,
2391 898 2616 995 Thya-

380 1015 565 1103 tirae,
600 1012 1149 1109 Aphrodisiade,
1194 1011 1397 1085 illinc
1421 1012 1720 1085 Athenis
1751 1020 1820 1086 et
1856 1014 2218 1086 Nemausi.
2277 1102 2284 1112 ι

478 1129 744 1203 Similis
795 1127 955 1217 fuit,
1009 1128 1124 1200 his
1161 1128 1629 1226 temporibuS‚
1677 1128 2109 1203 athletarum
2155 1132 2328 1205 ratio
2374 1131 2499 1227 qui
2531 1154 2616 1205 ex

379 1252 526 1321 toto
566 1245 738 1319 orbe
781 1252 1133 1319 terrarum
1180 1245 1255 1317 in
1299 1268 1511 1317 unam
1561 1242 2006 1320 sodalitatem
2042 1270 2194 1320 sese
2229 1270 2618 1347 congrega-

381 1371 655 1439 verunt.
692 1366 863 1437 Haec
900 1386 1186 1461 quoque
1222 1362 1620 1458 patrocinio
1652 1364 1978 1437 Herculis
2012 1372 2078 1437 et
2103 1364 2619 1461 imperatorum

384 1505 457 1555 se
500 1503 773 1555 sacram
812 1479 1154 1576 praedicat
1177 1504 1195 1567 ;
1252 1477 1467 1551 simili
1504 1478 1881 1553 titulorum
1919 1480 2104 1553 fastu
2145 1488 2214 1554 et
2261 1489 2616 1579 congesta-

386 1622 543 1671 rum
566 1596 1021 1670 victoriarum
1050 1595 1731 1669 commemoratione
1750 1598 2012 1693 gaudet
2036 1594 2165 1697 (1).
2194 1600 2381 1685 Quin
2401 1601 2616 1673 etiam

251 1785 255 1787 ,
312 1716 329 1810 j
384 1739 533 1789 sese
565 1713 951 1810 aliquando
992 1713 1431 1787 consociasse
1461 1711 1687 1786 ambae
1719 1712 2146 1802 sodalitateS,
2185 1722 2475 1812 propter
2504 1740 2618 1790 ra-

392 1834 671 1906 tionum
703 1830 1247 1904 similitudinem
1278 1837 1349 1903 et
1379 1828 1717 1905 ludorum
1748 1834 2359 1921 communionem,
2379 1833 2622 1908 viden-

384 1954 540 2037 tur;
584 1954 774 2021 certe
810 1947 887 2019 in
928 1945 1116 2019 tituli
1155 1948 1513 2044 Ancyrani
1556 1946 1980 2044 fragmento,
2015 1946 2208 2046 quod
2249 1948 2621 2047 descripsit

385 2068 467 2140 G.
503 2066 777 2153 Perrot,
813 2063 1005 2139 idem
1033 2064 1166 2137 fuit
1203 2070 1542 2161 patronus
1581 2071 1703 2137 aut
1743 2064 2192 2163 magistratus
2227 2068 2510 2164 xysticae
2551 2073 2621 2139 et

390 2182 785 2279 thymelicae
822 2182 1068 2278 synodi
1103 2177 1233 2279 (2).
1315 2214 1324 2223 ·

485 2300 693 2373 Haud
731 2321 1025 2396 parvum
1067 2298 1591 2371 incrementum
1630 2298 1866 2371 attulit
1906 2304 2375 2395 utrorumque
2407 2299 2620 2375 rebus

342 2499 349 2504 ,
391 2419 905 2514 imperatorum
937 2415 1438 2511 patrocinium.
1472 2414 1686 2488 Vetus
1714 2415 1851 2488 fuit
1879 2439 2046 2489 sane
2073 2439 2227 2490 mos
2261 2417 2616 2491 artificum

394 2534 675 2633 regibus
713 2532 1153 2630 Pergamenis
1193 2532 1705 2628 AEgyptiisque,
1742 2532 2044 2607 decretis
2078 2533 2474 2608 honoribus
2515 2535 2622 2609 di-

398 2652 595 2743 viniS,
639 2649 1081 2737 assentandi3
1127 2647 1671 2745 imperatoribus
1721 2648 1934 2721 etiam
1989 2650 2156 2723 vivis
2202 2652 2319 2725 dei
2358 2676 2620 2727 nomen

395 2770 696 2859 deferre,
732 2770 1037 2842 maxime
1077 2767 1333 2840 usitata
1362 2765 1435 2838 in
1465 2766 1629 2840 Asia
1651 2755 2065 2863 Graeciaque
2091 2769 2431 2846 adulatio.
2463 2773 2623 2846 Non

394 2896 659 2962 temere
690 2894 957 2974 tamen,
995 2908 1152 2974 nec,
1185 2882 1323 2957 nisi
1365 2891 1726 2958 annuente
1757 2885 2103 2982 principe,
2150 2886 2352 2962 licuit
2395 2889 2626 2988 impe·
2687 2945 2696 2950 -

394 3005 741 3079 ratorium
767 3025 1039 3083 nomen
1080 3000 1379 3098 collegio
1408 3000 1800 3098 praescribi,
1846 3004 2379 3104 maximumque
2410 3007 2628 3082 habi..

397 3130 551 3195 tum
625 3122 711 3193 iis
767 3118 1206 3216 temporibus
1265 3118 1404 3191 hoc
1467 3117 1922 3192 beneficium.
1984 3123 2352 3212 Ceterum,
2411 3149 2627 3221 quam

399 3236 743 3312 benevolo
804 3235 1069 3310 fuerint
1126 3235 1364 3308 animo
1418 3258 1584 3332 erga
1629 3236 2040 3334 hujusmodi
2103 3239 2507 3316 sodalitates
2561 3250 2630 3317 et

402 3356 801 3430 Hadrianus
850 3362 919 3426 et
968 3353 1183 3425 ceteri
1232 3351 1489 3424 deinde
1549 3354 1933 3450 principeS‚
1994 3357 2343 3432 aestimare
2393 3366 2499 3433 est
2543 3384 2629 3433 ex

402 3471 714 3570 epistolis
752 3494 927 3567 quas
964 3470 1113 3565 ipse
1154 3475 1224 3541 et
1251 3469 1655 3542 Antoninus
1682 3471 1774 3544 ad
1813 3469 2163 3568 synodum
2198 3473 2628 3550 athletarum

402 3589 833 3685 scripserunt
866 3584 996 3685 (3).
1060 3657 1065 3660 .

501 3710 584 3778 In
624 3703 1204 3779 administrandis
1246 3701 1461 3776 rebus
1508 3702 1677 3792 suis,
1709 3704 1955 3779 eadem
1995 3706 2138 3782 fere
2180 3711 2456 3784 ratione
2489 3736 2633 3806 qua

403 3823 622 3919 priori
643 3829 873 3910 aetate,
909 3821 1019 3893 usi
1053 3825 1220 3893 sunt
1247 3818 1532 3891 scenici.
1568 3818 1900 3893 Solennis
1925 3822 2153 3897 forma
2184 3826 2634 3900 decretorum

405 3945 473 4010 et
504 3938 754 4024 ferme,
792 3936 972 4009 utin
1013 3925 1438 4022 civitatibus,
1478 3944 1847 4032 concepta.
1885 3939 2309 4037 Exemplum
2344 3943 2634 4018 afferam

405 4054 851 4127 monumenti
906 4051 1097 4149 quod
1146 4051 1523 4126 consulum
1579 4054 2021 4147 nominibuS‚
2080 4083 2270 4134 anno
2327 4067 2460 4136 127
2515 4088 2631 4137 as-

408 4172 834 4270 signandum
865 4178 992 4243 est.
1045 4199 1079 4238 «
1117 4173 1498 4242 Decretum
1540 4194 1754 4245 sacrae
1787 4174 2058 4269 synodi.
2105 4178 2377 4253 Placuit
2418 4205 2634 4256 sacrae

488 4365 573 4446 (1)
618 4363 843 4444 Corpus
869 4362 1044 4424 inser.
1075 4381 1199 4443 qr„
1227 4362 1591 4424 5906-5913.

488 4458 571 4538 (2)
612 4457 1021 4536 Exploration
1050 4456 1535 4535 archeologique
1568 4457 1644 4517 de
1671 4458 1736 4518 la
1765 4459 2026 4536 Galatie,
2059 4467 2129 4521 n⁰
2157 4465 2250 4524 21.

486 4551 565 4632 (3)
611 4553 834 4632 Corpus
862 4552 1032 4612 inser.
1064 4571 1188 4632 qr„
1219 4552 1377 4613 5906
1406 4556 1470 4611 et
1496 4553 1673 4614 5907.
