3392 5500
1330 490 1647 551 ...ffl-

370 621 491 707 siS,
518 620 795 693 Nicetas
826 622 1091 695 Iasonis
1114 621 1677 717 Hierosolymita,
1715 623 2014 715 uterque
2033 625 2318 691 centum
2348 617 2604 694 drach-

371 758 523 808 mas
558 734 689 833 (1).
724 764 759 803 »

470 852 817 925 Mercedis
847 850 1147 949 collegio
1186 852 1631 927 scenicorum
1662 850 2018 925 solvendae
2051 849 2251 925 nulla
2287 850 2371 923 fit
2409 874 2606 925 men-

370 967 470 1041 tio
493 992 513 1053 ;
566 990 1023 1065 nequaquam
1077 977 1315 1042 tamen
1368 967 1671 1045 dubium
1730 975 1832 1045 est
1891 969 2268 1065 gratuitam
2313 992 2600 1066 operam

372 1106 519 1157 non
571 1083 898 1179 praeberi.
963 1085 1097 1170 Qui
1159 1085 1353 1158 enim
1391 1088 1589 1182 prius
1648 1085 1954 1161 artifices
2009 1085 2412 1181 sumptibus
2459 1086 2604 1159 suis

370 1200 896 1291 conducebant,
945 1200 1164 1274 iidem
1210 1208 1383 1275 tunc
1430 1210 1695 1277 certam
1740 1202 2116 1300 pecuniam
2155 1200 2598 1298 largiuntur;

371 1316 659 1412 choragi
690 1317 874 1389 cives
900 1318 1266 1409 ducentas,
1292 1317 1630 1415 inquilini
1650 1325 1938 1393 centum
1971 1316 2370 1391 drachmas,
2405 1318 2608 1391 Unde

370 1433 585 1507 etiam
615 1433 703 1507 de
738 1431 1065 1507 mercede
1094 1434 1581 1530 conjecturam
1624 1434 1860 1509 facere
1895 1433 2173 1521 licebit3
2211 1434 2360 1529 Jam
2401 1435 2607 1508 insti-

373 1556 526 1622 tuta
566 1550 826 1623 recenti
866 1550 1163 1635 ratione,
1196 1573 1386 1623 unus
1414 1551 1581 1623 civis
1612 1556 1680 1623 et
1714 1557 1858 1623 tres
1883 1549 2219 1646 inquilini
2257 1573 2406 1625 sese
2434 1573 2606 1624 con-

370 1664 644 1739 sociant
684 1670 761 1737 ut
808 1666 1216 1740 comoedum
1276 1689 1403 1762 per
1455 1667 1633 1739 duos
1682 1666 1832 1739 dies
1869 1666 2302 1761 producant3
2349 1667 2501 1763 qui,
2545 1668 2603 1739 si

370 1782 747 1875 pecuniam
790 1805 829 1857 e
869 1805 1069 1856 more
1117 1781 1346 1879 largiti
1400 1782 1730 1873 fuissent,
1771 1782 2192 1879 quingentas
2232 1781 2606 1858 drachmas

368 1896 753 1971 dedissent.
801 1902 987 1984 Quas
1026 1899 1296 1995 accepit
1337 1923 1523 1972 unus
1556 1897 1951 1990 comoeduS,
1986 1898 2060 1971 id
2091 1906 2222 1991 est,
2255 1924 2442 1973 unus
2470 1924 2600 1975 ac-

368 2021 480 2087 tor
517 2014 911 2111 primarum
946 2039 1113 2088 cum
1156 2013 1438 2089 duobus
1485 2015 1946 2113 synagonis'tis
1981 2022 2050 2089 et
2082 2014 2394 2089 tibicine.

470 2133 803 2217 Quamvis
854 2139 923 2206 et
966 2132 1099 2207 Iasi
1135 2140 1206 2206 et
1246 2132 1571 2228 Corcyrae
1613 2131 2040 2207 vocabulum
2089 2138 2254 2230 ἀγών
2301 2158 2603 2231 usurpe-

369 2256 510 2338 tur,
556 2250 726 2323 'satis
784 2254 975 2346 patet
1026 2247 1309 2321 nullum
1364 2250 1660 2323 omnino
1708 2249 1784 2319 in
1839 2248 1950 2321 his
1995 2247 2184 2321 ludis
2237 2255 2600 2322 certamen

372 2363 611 2453 fuisse,
666 2386 846 2460 quos
898 2362 1204 2437 artifices
1262 2362 1474 2435 unius
1523 2360 1803 2458 collegii
1863 2360 2320 2459 peragebant,
2382 2362 2600 2436 nullis

368 2480 674 2571 aemuliS,
725 2481 928 2555 nullo
968 2480 1265 2576 praemio
1304 2477 1686 2552 victoribus
1721 2480 2109 2575 proposito.
2146 2479 2245 2551 Ea
2276 2480 2451 2554 ratio
2480 2479 2600 2552 lu-

370 2599 628 2672 dorum
675 2598 751 2671 in
800 2597 1045 2671 multis
1086 2593 1487 2669 civitatibus
1524 2600 1712 2667 certe
1749 2593 2084 2685 obtinuit,
2121 2618 2282 2692 quae
2320 2595 2601 2669 Plutar-

371 2716 505 2789 cho
544 2716 641 2788 ita
673 2714 1007 2811 frequens
1046 2714 1190 2788 visa
1229 2718 1338 2786 est
1381 2716 1463 2783 ut
1506 2711 1646 2784 hoc
1684 2709 2005 2809 exemplo
2047 2710 2424 2787 utilitatem
2471 2713 2602 2787 ini-

369 2832 720 2905 micorum
750 2829 1179 2904 ostenderet.
1232 2857 1267 2896 «
1296 2825 1649 2924 Equidem
1688 2827 2003 2902 scenicos
2049 2829 2353 2903 artifices
2395 2831 2602 2905 vide-

358 2972 533 3021 ·mus
561 2970 1054 3044 saepenumero
1097 2947 1171 3018 in
1208 2942 1503 3017 theatris
1547 2942 1857 3028 remisse,
1901 2942 2101 3016 nulla
2137 2943 2496 3022 alacritate
2531 2955 2602 3022 et

371 3090 462 3138 ne
484 3064 849 3162 diligentia
872 3063 1191 3162 quidem,
1224 3067 1496 3134 certare
1523 3060 1713 3132 inter
1737 3059 2147 3156 semetipsos
2160 3086 2179 3148 ;
2220 3085 2444 3158 quum
2470 3085 2600 3137 au-

371 3187 521 3252 tem
554 3186 911 3254 certamen
955 3178 1046 3249 sit
1084 3176 1419 3250 adversus
1469 3173 1667 3264 alios,
1723 3197 1868 3248 non
1903 3175 2182 3271 ‘seipsos
2221 3174 2436 3249 modo
2475 3179 2600 3252 sed

372 3301 439 3369 et
485 3320 615 3370 sua
662 3297 1135 3369 instrumenta
1169 3291 1392 3387 magis
1433 3296 1705 3386 aptant,
1743 3289 1917 3364 fides
1965 3291 2357 3386 explorant,
2398 3316 2606 3368 accu-

375 3413 735 3508 ratiusque
764 3415 1195 3485 concentum
1226 3407 1593 3479 instruunt
1617 3411 1687 3480 et
1717 3404 1922 3478 tibias
1954 3415 2222 3480 canunt
2243 3406 2373 3505 (2).
2409 3438 2442 3477 »

468 3527 699 3599 Priori
735 3525 980 3622 generi
1025 3521 1393 3611 ludorum,
1430 3542 1738 3617 quorum
1783 3521 2108 3594 meminit
2147 3519 2597 3616 PlutarchuS,

370 3650 529 3740 apte
578 3647 981 3738 congruunt
1024 3638 1286 3712 tabulae
1342 3638 1782 3711 Soteriorum
1832 3636 2367 3733 Delphicorum.
2406 3644 2602 3726 Quo-

372 3784 533 3833 rum
589 3782 813 3856 quum
864 3757 976 3829 vix
1035 3779 1301 3829 nomen
1348 3760 1598 3828 notum
1661 3759 1870 3844 esset,
1924 3754 2225 3830 Athenis
2276 3766 2598 3853 repertus

374 3879 553 3975 lapis
582 3877 826 3952 docuit
857 3873 1067 3949 ludos
1106 3897 1257 3948 esse
1290 3873 1652 3970 gymnicos
1689 3878 1760 3945 et
1798 3873 2105 3946 musicos
2144 3875 2218 3947 in
2250 3875 2596 3950 honorem

370 3996 555 4068 Jovis
616 3992 1003 4067 Servatoris
1048 4002 1117 4064 et
1162 3988 1516 4085 Apollinis
1552 3988 1786 4084 Pythii
1833 3987 1922 4061 ab
1977 3991 2227 4062 AEtolis
2263 3998 2332 4066 et
2375 3994 2595 4066 Athe·

356 4109 737 4184 niensibus
756 4109 1141 4198 institutOS,
1168 4106 1359 4203 quod
1377 4104 1714 4178 adversus
1737 4103 2072 4178 barbaros
2095 4106 2365 4203 templo
2389 4109 2601 4204 Apol-

448 4403 535 4484 (1)
576 4404 663 4462 Le
688 4401 809 4460 Bas
832 4403 893 4458 et
914 4396 1365 4473 Waddington,
1398 4391 1585 4452 Inscr.
1617 4390 2126 4468 d'Asz'e-Mineure‚
2157 4397 2295 4456 294.

453 4499 535 4576 (2)
576 4492 921 4567 Plutarch„
951 4490 1038 4551 De
1064 4487 1319 4548 utilitate
1341 4485 1722 4562 z'm'micorum,
1757 4489 1814 4546 3.
