3392 5500
1384 486 1702 549 ..63-

406 598 621 696 ¹Teios
668 624 975 697 artifices
1022 624 1113 697 ad
1166 622 1437 697 Soteria
1487 622 1812 695 invitatos
1860 620 2072 693 fuisse
2113 616 2319 694 docet
2366 622 2638 711 tituluS‚

414 739 539 811 sed
576 762 718 836 quo
768 747 1083 837 tempore
1123 740 1481 835 inscriptae
1520 744 1686 811 sunt
1726 737 2086 834 Delphicae
2119 736 2380 811 tabulae
2426 737 2650 836 (220-

418 854 612 954 190),
650 857 839 929 nond
852 880 972 929 um
1000 856 1314 952 Delphos
1334 856 1677 942 adierant,
1705 854 2039 951 perpauci
2071 855 2262 927 enim
2295 856 2367 927 in
2397 878 2646 929 eorum

410 972 729 1067 catalogo
756 971 1046 1045 Asiatici
1085 978 1497 1045 occurrunt.
1542 974 1781 1057 Quum
1811 970 2301 1055 Atheniense8‚
2337 974 2638 1060 Boeotos,
2687 1063 2694 1069 ἢ

348 1124 355 1130 -
408 1088 701 1183 Argivos
738 1087 1241 1185 Sicyoniosque
1277 1094 1349 1161 et
1389 1086 1698 1161 Arcades
1741 1086 1970 1159 multo
2010 1085 2252 1181 plures
2295 1086 2637 1175 inveniam,

408 1204 791 1279 verisimile
827 1205 1151 1278 videatur
1187 1204 1321 1277 tria
1362 1204 1651 1277 Graeciae
1692 1201 1992 1299 collegia
2045 1226 2290 1299 greges
2337 1203 2644 1277 comicos

405 1320 848 1416 tragicosque
882 1319 969 1392 ad
1009 1320 1448 1417 peragendos
1482 1318 1688 1393 ludos
1736 1318 2036 1391 misisse.
2071 1321 2308 1391 Unum
2349 1318 2640 1415 quidem

402 1436 751 1531 tragicum
812 1459 1095 1532 gregem
1159 1459 1243 1509 ex
1294 1436 1523 1509 tribus
1585 1433 2140 1509 Atheniensibus
2195 1440 2638 1509 constantem

400 1548 831 1635 invenimuS,
876 1549 1001 1622 sed
1035 1556 1303 1624 ceteros
1338 1573 1563 1646 quum
1605 1548 1916 1622 comicos
1955 1553 2106 1619 tum
2145 1546 2444 1643 tragicos
2495 1547 2631 1619 mi-

396 1664 591 1737 nime
642 1664 729 1737 ad
776 1665 1081 1739 similem
1135 1666 1485 1739 rationem
1540 1664 1786 1739 referri
1843 1687 2046 1760 posse
2092 1663 2418 1738 ostendet
2463 1662 2632 1737 sub-

386 1779 577 1875 jecta
614 1779 883 1853 tabula.

902 2316 932 2364 3
1395 2313 1425 2359 4
1897 2313 1926 2360 5
2329 2317 2358 2362 6

382 2396 586 2447 Antores
680 2398 702 2448 1
770 2396 1064 2465 Zacynthius
1232 2394 1576 2461 Cephallenius
1622 2404 1638 2529 ξ
1656 2440 1687 2485 6
1761 2394 2065 2445 Atheniensis
2210 2394 2414 2461 Tegeata

660 2482 702 2531 ll
771 2482 1067 2549 Zacynthius
1227 2481 1423 2531 Boeotus
1756 2479 2141 2531 Lacedaemonius
2208 2480 2413 2545 Argivus

634 2566 699 2617 111
768 2566 911 2617 Eleus
1012 2592 1019 2597 ·
1227 2566 1427 2616 Boeotus
1753 2564 2066 2615 Ambraciota
2198 2564 2507 2617 Ambraciota

376 2650 603 2716 Magister
868 2681 927 2689 —
1230 2650 1426 2701 Boeotus
1462 2652 1491 2700 3
1761 2648 2043 2715 Gargaricus
2210 2650 2446 2718 Ephesius

376 2735 578 2788 Tibicen
769 2738 981 2804 Boeotus¹
998 2740 1027 2790 5
1228 2732 1559 2788 Heracleensis
1628 2737 1657 2784 5
1761 2734 1952 2787 Boeotns
2207 2736 2412 2805 Tegeata

373 2911 571 2962 Actores
671 2914 693 2964 1
763 2913 965 2964 Achaeus
1218 2912 1408 2963 AEtolus
1759 2913 1950 2964 Boeotus
2201 2915 2395 2966 Boeotus

648 2996 690 3046 11
760 2997 1088 3050 Heracleensis
1123 2999 1157 3051 6
1219 2997 1527 3048 Atheniensis
1749 2999 2055 3052 Atheniensis
2199 2999 2527 3051 Heracleensis
2569 3005 2598 3052 3

623 3082 691 3134 Ill
758 3083 953 3135 Boeotus
1217 3083 1419 3150 Argivus
1748 3088 1946 3155 Epirota
2197 3085 2448 3152 Sicyonius

366 3168 590 3234 Magister
620 3156 625 3162 ’
758 3171 951 3221 Boeotus
985 3175 1015 3222 4
1215 3172 1520 3224 Atheniensis
1747 3177 1940 3226 Boeotus
2303 3196 2369 3212 -

368 3253 565 3306 Tibicen
751 3256 1048 3308 Naucratites
1208 3257 1462 3324 Sicyonius
1735 3257 2062 3312 Heracleensis
2096 3261 2124 3306 4
2304 3280 2367 3295 —-

365 3433 563 3482 Actor-es
664 3434 686 3484 1
755 3433 1041 3500 Cyrenensis
1740 3431 1927 3488 AEtolus
2194 3432 2533 3500 Cephallenins

639 3517 682 3566 11
752 3519 1057 3570 Atheniensis
1735 3523 1938 3588 Argivus
2129 3565 2158 3613 4
2197 3519 2388 3570 Boeotus

466 3616 507 3647 n·
617 3602 684 3658 Ill
753 3605 1059 3656 Atheniensis
1735 3605 2041 3657 Atheniensis
2195 3604 2396 3670 Tegeata

362 3685 586 3753 Magister
748 3689 1033 3755 Megarensis
1332 3697 1339 3704 ’
1730 3691 2039 3742 Atheniensis
2291 3711 2354 3728 -·—

359 3770 559 3823 Tibicen
747 3773 938 3824 Boeotus
1730 3777 1920 3827 Boeotus
1955 3781 1984 3827 6
2285 3797 2351 3814 ⁶·-

358 3948 559 3999 Actores
658 3911 1074 4000 l⁴Chalcidensis

632 4031 677 4085 11
746 4030 1057 4084 Ambraciota
1154 4049 1157 4054 ·

352 4201 575 4269 Magister
604 4117 673 4168 Iu
742 4122 932 4254 Boeotzs

350 4287 551 4338 Tibicen
738 4287 1043 4339 Atheniensis

349 4553 367 4559 ..
414 4491 443 4520 *
482 4490 679 4540 Numeri
698 4490 872 4558 adjecti
896 4499 1069 4541 notant
1095 4489 1271 4556 quibus
1298 4489 1349 4540 in
1378 4489 1500 4540 ludis
1530 4489 1707 4540 iterum
1735 4489 1941 4540 artifices
1961 4487 2171 4556 egerint-s
