3392 5500
1837 543 2156 605 ...93-

879 683 1036 751 tum
1066 675 1439 750 habemus.
1476 675 1613 761 Qui
1651 697 1795 748 non
1832 676 1984 773 J'am
2017 674 2296 772 collegii
2323 674 2773 773 magistratus
2825 675 3118 749 fuerunt

882 795 1003 869 sed
1041 794 1321 891 patroni
1342 818 1362 881 3
1410 815 1643 891 neque
1691 791 2044 889 suffragiis
2081 792 2434 867 artificum
2469 800 2536 866 et
2583 791 2877 870 arbitrio
2913 800 3122 867 erant

878 908 1191 997 obnoxii,
1250 908 1374 983 sed
1415 932 1545 1007 pro
1598 932 1896 983 munere
1948 932 2079 983 suo
2119 916 2185 983 et
2228 933 2358 1005 pro
2398 907 2758 1006 dignitatis
2796 910 3121 984 auctori-

877 1033 1020 1101 tate
1041 1025 1129 1098 de
1152 1025 1473 1123 pecuniis
1498 1024 1874 1123 erogandis
1903 1031 1974 1099 et
1993 1026 2080 1099 de
2103 1024 2293 1098 ludis
2319 1023 2823 1100 decernebant.
2847 1029 3120 1123 Nempe

878 1164 1108 1242 quum
1138 1140 1510 1240 cujusdam
1550 1141 1774 1215 Flavii
1818 1140 2216 1238 Lysimachi
2259 1142 2644 1216 constituta
2680 1149 2861 1217 esset
2897 1166 3120 1239 pecu-

879 1262 1032 1352 nia,
1080 1282 1242 1357 quae
1290 1257 1659 1332 cumulata
1716 1259 1950 1333 usuris
2008 1281 2356 1333 novorum
2408 1257 2752 1333 ludorum
2804 1257 3121 1355 praemiis

878 1375 1349 1453 decernendis
1388 1375 1772 1464 sufficeret,
1819 1398 1992 1449 cura
2041 1376 2276 1450 omnis
2320 1376 2425 1450 rei
2471 1375 2608 1449 fuit
2649 1398 2864 1472 penes
2909 1376 3122 1473 logis-

876 1500 1024 1569 ten.
1071 1492 1234 1581 Qui,
1285 1491 1766 1590 flagitantibus
1803 1492 2061 1588 saepius
2103 1491 2494 1565 artificibus
2540 1498 2622 1566 ut
2671 1490 2962 1567 tandem
2999 1514 3118 1566 eos

875 1608 1086 1684 ludos
1114 1608 1379 1695 ederet,
1434 1606 1798 1704 respondit
1839 1607 2166 1683 nondum
2215 1609 2382 1682 satis
2419 1608 2763 1705 grandem
2794 1616 2946 1683 esse
2986 1631 3120 1704 pe-

878 1726 1168 1799 cuniam
1206 1722 1337 1822 (1).
1382 1723 1702 1799 Alteram
1734 1745 2021 1822 quoque
2050 1724 2320 1821 logistae
2360 1724 2731 1821 epistolam
2756 1732 3112 1814 tenemUS‚

880 1866 1023 1942 qua
1061 1841 1304 1938 plures
1346 1840 1553 1915 ludos
1591 1864 1633 1914 a
1669 1841 1960 1938 privatis
1997 1842 2356 1915 institutos
2395 1840 2795 1916 secundum
2841 1842 3120 1917 donan-

813 1974 817 1979 ’
878 1964 1063 2036 tium
1105 1960 1544 2034 voluntatem
1594 1958 1912 2049 ordinat,
1969 1959 2468 2056 agonothetam
2515 1959 2874 2057 designat,
2923 1967 3119 2035 tem-

880 2103 1042 2178 puS,
1086 2078 1343 2153 seriem
1382 2077 1880 2163 certaminum,
1939 2076 2236 2173 praemia
2277 2078 2540 2174 cuique
2580 2078 2946 2175 proposita
2995 2076 3116 2153 de-

876 2196 1034 2270 finit
1076 2193 1212 2293 (2).

975 2310 1218 2384 Altera
1244 2332 1329 2384 ex
1364 2315 1587 2406 parte,
1630 2308 1835 2383 nulla
1873 2332 2193 2406 unquam
2231 2316 2400 2384 aetas
2428 2310 2848 2408 ampliorem
2877 2311 3116 2386 locum

884 2427 1331 2501 scenicorum
1365 2425 1736 2499 industriae
1765 2425 2099 2522 praeb'uit,
2135 2437 2253 2500 aut
2279 2428 2740 2523 praemiorum
2766 2430 2974 2525 copia
2989 2429 3119 2502 fuit

886 2544 1211 2619 feracior.
1256 2544 1595 2639 Magnum
1632 2543 1829 2617 enim
1881 2565 2266 2616 numerum
2304 2541 2673 2633 ludorum,
2716 2546 3117 2619 Antonino-

886 2683 1048 2736 rum
1078 2667 1312 2751 aetate,
1346 2659 1687 2733 exstitisse
1723 2658 1980 2734 docent
2013 2660 2232 2752 tituli,
2267 2683 2415 2734 non
2441 2661 2517 2734 in
2551 2661 2823 2735 Graecia
2855 2661 3111 2749 solum,

885 2777 1113 2853 sedin
1141 2778 1308 2851 Asia
1345 2788 1557 2873 atque
1594 2777 1806 2851 etiam
1840 2777 2061 2851 ltalia.
2103 2778 2383 2851 Etenim
2427 2783 2686 2874 praeter
2709 2785 2983 2856 veteres
3010 2777 3118 2851 lu-

885 2896 1013 2971 dos
1066 2891 1191 2993 qui
1226 2893 1337 2970 vel
1381 2894 1457 2966 in
1505 2895 1740 2991 parvis
1791 2894 2194 2969 civitatibus
2237 2894 2788 2990 frequentissimi
2835 2919 3122 2994 perage-

884 3011 1169 3100 bantur,
1197 3009 1530 3108 plurimae
1563 3010 1777 3085 urbes
1807 3010 2265 3085 aemulatione
2303 3012 2633 3108 impulsae
2675 3035 2805 3085 sua
2843 3012 3113 3110 Pythia,

886 3152 1015 3204 sua
1057 3128 1382 3224 Olympia
1425 3125 1788 3200 celebrare
1839 3127 2291 3203 studuerunt.
2346 3132 2538 3203 Nova
2584 3152 2872 3226 quoque
2909 3131 3120 3205 series

884 3244 1361 3321 certaminum
1417 3243 1491 3317 in
1538 3244 1890 3318 honorem
1949 3246 2456 3341 imperatorum
2510 3247 2938 3320 constituta:
2972 3250 3118 3321 Au-

884 3370 1155 3462 gustea,
1192 3365 1531 3449 Caesarea,
1556 3361 1925 3458 Trajanea,
1961 3360 2374 3454 Hadriania‚
2403 3361 2898 3453 Panhellenia‚
2928 3362 3146 3450 Anti<

884 3506 1088 3572 noea,
1124 3488 1260 3555 etc.
1291 3480 1552 3554 Privati
1596 3503 1881 3577 quoque
1919 3479 2113 3554 haud
2155 3482 2388 3577 pauci,
2437 3491 2517 3553 ut
2549 3481 2660 3554 sui
2699 3483 3119 3557 memoriam

886 3603 1298 3697 perpetuam
1341 3595 1854 3692 relinquerent,
1884 3618 2174 3692 magnas
2207 3595 2546 3692 pecunias
2570 3595 2659 3670 ad
2697 3595 3009 3694 agendos
3037 3598 3121 3672 de

888 3738 1016 3789 suo
1083 3713 1375 3786 nomine
1440 3708 1687 3800 ludoS,
1761 3712 2158 3786 civitatibus
2230 3710 2739 3809 largiebantur.
2815 3717 2896 3786 In
2985 3736 3122 3787 una

878 3830 1553 3930 Aphrodisiensium
1601 3829 1777 3903 urbe
1815 3830 2133 3927 quinque
2171 3830 2403 3920 ludoS‚
2451 3831 2843 3909 Commodo
2880 3833 3120 3930 impe-

888 3956 1113 4037 rante,
1158 3970 1199 4020 a
1240 3947 1531 4043 privatis
1565 3969 1649 4020 eo
1698 3944 1912 4019 modo
1956 3947 2314 4020 institutos
2359 3947 2762 4023 invenimus
2777 3975 2795 4037 ;
2843 3973 3118 4024 summa

887 4087 1050 4140 vero
1098 4064 1303 4161 cujus
1351 4086 1434 4138 ex
1481 4062 1740 4152 reditu,
1804 4063 2055 4159 quinto
2109 4085 2397 4161 quoque
2456 4087 2668 4155 anno,
2731 4067 3117 4139 certamina

886 4180 1395 4256 committenda
1432 4179 1724 4252 fuerunt
1761 4177 1850 4252 ad
1883 4185 2170 4252 centum
2221 4179 2508 4276 triginta
2551 4180 2798 4271 millia,
2829 4189 3112 4256 centum

966 4458 1049 4538 (1)
1100 4455 1328 4542 Corpus
1356 4454 1525 4517 inser.
1550 4475 1672 4536 qr„
1705 4458 1880 4517 2741.

964 4552 1045 4631 (2)
1086 4553 1173 4614 Le
1200 4551 1319 4612 Bas
1352 4555 1417 4612 et
1443 4549 1894 4628 Waddington,
1927 4548 2110 4612 Inser.
2141 4549 2653 4630 d'Asie-Mineure,
2688 4555 2846 4618 1620
2874 4573 2924 4617 e.
3031 4641 3034 4646 Ι

3245 4165 3251 4172 0
