3392 5500
1345 474 1667 535 -93-

487 607 653 675 Haec
709 601 1011 676 breviter
1042 609 1429 698 praetereo,
1491 603 1834 699 quoniam
1893 602 1981 675 de
2030 600 2345 697 collegiis
2403 601 2617 674 modo

386 717 738 789 artificum
785 741 1181 814 graecorum
1227 718 1586 815 disputare
1628 720 1930 806 institui,
1978 742 2290 815 quorum
2340 716 2618 789 nullum

386 840 936 906 monumentum
972 833 1163 930 quod
1211 836 1298 908 ad
1354 858 1437 909 ea
1480 843 1798 932 tempora
1829 834 2072 908 referri
2103 842 2342 933 queat,
2381 833 2618 907 adhuc

386 950 724 1022 innotuit.
777 950 911 1023 Sed
944 951 1093 1047 Jam
1152 952 1320 1025 inde
1372 951 1459 1024 ab
1502 953 1859 1026 Hadriano
1903 976 2012 1025 res
2047 952 2336 1025 Graeciae
2376 973 2620 1023 rursus

384 1065 883 1157 effloruerunt,
929 1073 1127 1163 quasi
1170 1091 1211 1141 a
1249 1069 1463 1163 stirpe
1515 1076 1808 1142 renatae.
1855 1070 2021 1154 Qui,
2066 1092 2292 1165 quum
2341 1072 2621 1140 Graecos

382 1182 765 1271 adamaret,
810 1184 1053 1257 omnia
1083 1185 1423 1281 exemplis
1472 1192 1541 1257 et
1581 1184 1960 1258 beneficiis-
1990 1186 2208 1258 erexit
2245 1184 2356 1257 vel
2401 1183 2613 1271 auxit,

382 1299 696 1373 Athenas
751 1308 1001 1396 quater
1046 1301 1243 1391 adiit,
1312 1301 1660 1374 Graeciam
1712 1302 1854 1376 fere
1909 1308 2128 1375 totam
2194 1300 2612 1398 peragravit.

382 1417 463 1486 In
492 1415 839 1490 honorem
872 1417 1211 1492 Hadriani
1239 1426 1308 1492 et
1335 1420 1683 1492 Antonini
1713 1418 2009 1516 plurimi
2055 1419 2239 1492 tituli
2270 1419 2342 1490 in
2382 1418 2620 1491 omni-

380 1530 513 1604 bus
571 1533 970 1607 civitatibus
1026 1535 1429 1632 compositi,
1473 1535 1804 1632 plurimae
1835 1543 2140 1609 monetae
2201 1534 2617 1608 eorumdem

383 1648 694 1745 effigiem
749 1674 914 1723 cum
944 1650 1277 1725 laudibus
1312 1653 1652 1725 referunt.
1692 1654 1872 1741 Quae
1904 1653 2148 1726 omnia
2185 1676 2336 1725 non
2375 1650 2614 1725 effusae

383 1764 812 1841 adulationis
838 1775 1000 1840 sunt
1024 1770 1448 1857 testimonia,
1486 1769 1606 1843 sed
1646 1772 1888 1867 gratiae
1920 1793 2050 1866 pro
2089 1768 2458 1842 beneficiis
2491 1768 2617 1839 in-
2715 1830 2722 1836 .

380 1881 711 1977 gentibus
757 1883 1019 1957 relatae.
1066 1884 1279 1957 Nulla
1312 1886 1502 1958 enim
1540 1886 1688 1959 fere
1726 1893 1888 1958 sunt
1919 1884 2216 1958 Graeciae
2264 1891 2384 1958 aut
2428 1883 2615 1956 Asiae

383 2000 640 2074 rudera
668 2000 741 2072 in
774 2000 1035 2097 quibus
1066 2024 1210 2075 non
1243 2001 1684 2075 siteffossum
1717 2001 2013 2099 aliquod
2044 2000 2430 2075 aedificium
2462 2003 2616 2073 An-

385 2118 801 2190 toninorum
840 2124 1043 2193 aetate
1094 2125 1439 2191 erectum.
1481 2119 1878 2191 Iustissima
1924 2119 2142 2215 igitur
2179 2118 2457 2190 videtur
2495 2116 2618 2189 illa

385 2231 697 2307 laudatio
738 2258 953 2331 quam
996 2234 1342 2331 Delphico
1382 2234 1600 2331 lapidi
1639 2236 2054 2332 inscriptam
2095 2234 2252 2307 erui
2297 2259 2312 2306 :

497 2380 527 2417 «
558 2351 975 2447 Imperatori
1004 2352 1361 2425 Hadriano
1392 2354 1724 2425 servatori
1768 2353 1892 2450 qui
1937 2374 2137 2424 suam
2175 2351 2396 2448 ipsius
2425 2351 2616 2422 Grae-

385 2467 568 2540 ciam
627 2469 934 2542 restituit
977 2476 1046 2543 et
1093 2469 1293 2559 aluit,
1364 2468 1592 2543 Graeci
1645 2472 1769 2567 qui
1833 2469 2124 2543 Plataeas
2180 2467 2614 2542 conveniunt

384 2586 623 2680 gratiae
664 2592 1215 2660 monumentum
1247 2591 1756 2660 consecrarunt
1794 2583 1923 2684 (1).
1968 2616 1998 2654 »

483 2703 543 2774 A
592 2725 734 2799 quo
805 2726 1256 2801 nequaquam
1311 2703 1710 2802 neglectam
1769 2703 1982 2776 fuisse
2038 2725 2187 2776 rem
2260 2699 2612 2775 scenicam

388 2819 551 2892 satis
596 2819 863 2894 indicat
900 2821 1257 2896 theatrum
1306 2823 1805 2919 Dionysiacum
1863 2819 2153 2893 Athenis
2205 2817 2613 2892 absolutum

388 2942 454 3008 et
492 2934 686 3008 illius
721 2937 943 3010 titulis
978 2938 1341 3011 refertum.
1388 2943 1672 3012 Mutatae
1724 2940 2010 3034 quoque
2052 2937 2126 3008 in
2178 2935 2474 3023 meliuS‚
2533 2957 2615 3007 eo

390 3060 753 3149 regnante,
812 3061 880 3128 et
931 3062 1154 3128 auctae
1200 3079 1311 3128 res
1356 3056 1804 3130 scenicorum
1850 3054 2340 3150 collegiorum.
2415 3050 2616 3122 Tunc

389 3169 579 3241 enim
627 3194 856 3244 unum
904 3196 988 3244 ex
1021 3170 1358 3245 omnibus
1398 3172 1788 3246 conflatum
1829 3178 1930 3244 est
1985 3170 2206 3267 quod,
2255 3166 2507 3241 Bacchi
2548 3170 2617 3238 et

386 3445 553 3525 qicoe,
587 3465 717 3508 nov.
745 3466 885 3524 ser„
922 3452 1139 3511 201-
1162 3449 1533 3528 Nuperrime
1562 3448 1756 3510 etiam
1778 3450 1994 3508 Romae
2019 3445 2318 3508 effossum
2343 3445 2620 3525 lapidem

392 3542 589 3601 edidit
634 3543 898 3603 Henzen.
951 3545 1079 3615 «Q.
1130 3543 1406 3622 Sulpicio
1449 3545 1519 3615 Q.
1563 3543 1606 3602 f.
1639 3543 1919 3614 Claudia,
1970 3543 2156 3602 domo
2193 3541 2424 3616 Roma3
2467 3539 2622 3600 vixit

396 3654 590 3695 annos
619 3637 721 3711 XI,
754 3655 999 3698 menses
1028 3637 1336 3716 quinque,
1372 3636 1503 3697 dies
1532 3636 1886 3696 duodecim.
1911 3635 2031 3695 Hic
2049 3634 2238 3695 tertio
2267 3632 2624 3695 certaminis

394 3727 593 3789 lustro
620 3729 784 3790 inter
814 3749 1049 3809 graecos
1076 3737 1292 3809 poetas
1320 3732 1476 3791 duos
1500 3736 1561 3790 et
1589 3729 2050 3809 quinquaginta
2076 3729 2413 3807 professuS‚
2454 3727 2624 3788 favo·

396 3839 529 3880 rem
573 3841 761 3900 quem
788 3824 867 3882 ob
896 3830 1180 3884 teneram
1212 3829 1462 3884 aetatem
1491 3825 1874 3884 excitaverat
1907 3823 1975 3880 in
2013 3821 2496 3881 admirationem
2529 3820 2628 3878 in-

398 3915 584 3994 genio
612 3935 725 3976 suo
752 3917 1044 3996 perduxit
1070 3924 1134 3978 et
1160 3937 1304 3978 cum
1326 3919 1563 3978 honore
1585 3915 1883 3978 discessit.
1912 3918 2144 3979 Versus
2173 3914 2628 3994 extemporales

398 4027 472 4069 eo
514 4011 779 4088 subjecti
818 4018 964 4072 sunt
1004 4030 1083 4072 ne
1124 4018 1413 4091 parentes
1453 4011 1801 4072 adfectibus
1841 4011 1968 4070 suis
2003 4009 2332 4090 indulsisse
2374 4009 2628 4069 videan-

396 4109 519 4165 tur.
548 4126 577 4162 ›>
610 4106 909 4184 Sequitur
933 4125 1185 4167 carmen
1209 4125 1487 4186 graecum
1508 4105 1930 4184 extemporale
1955 4104 2232 4188 versibus
2249 4103 2630 4164 hexametris

395 4204 767 4277 conceptum
790 4200 969 4278 cujus
998 4206 1443 4278 argumentum
1471 4200 1619 4260 satis
1648 4199 1769 4261 erit
1795 4197 2029 4258 referre
2059 4220 2072 4257 :
2105 4219 2134 4255 (ι
2159 4197 2399 4269 Quibus
2421 4196 2630 4258 verbis

394 4292 636 4370 Jupiter
680 4293 890 4354 Solem
928 4293 1240 4355 incusavit
1286 4294 1456 4373 quod
1492 4292 1875 4355 Phaethonti
1913 4309 2169 4354 currum
2208 4291 2560 4353 tradiderit.
2591 4311 2622 4348 ι)

396 4385 614 4447 Bullet.
642 4386 840 4449 [restit.
874 4387 1060 4461 arch„
1098 4391 1275 4461 1871,
1309 4407 1374 4466 p.
1408 4391 1523 4451 393
1552 4395 1615 4449 et
1644 4407 1736 4468 sq.

475 4480 561 4560 (1)
606 4482 1012 4561 Inscriptions
1045 4482 1309 4542 ineditas
1338 4483 1415 4542 de
1444 4481 1736 4561 Delphes,
1768 4483 1907 4543 468.
