3392 5500
1297 603 1377 621 ....
1415 571 1494 638 35
1538 605 1616 619 .-

339 707 556 785 etiam
593 710 670 784 in
708 717 984 807 partem
1037 710 1335 783 convivii
1385 710 1565 784 sacri
1620 705 2056 782 vocabantur
2109 712 2324 805 atque
2378 707 2567 804 ipso-

340 853 505 903 rum
535 851 825 925 quoque
865 851 1100 925 operae
1131 826 1396 925 quibus
1433 827 1509 900 in
1549 825 1948 900 ministerio
1979 825 2089 899 usi
2118 826 2401 900 fuerant
2440 825 2569 925 (1).

440 943 778 1020 Eleusine
805 966 1000 1034 vem,
1037 967 1182 1041 qua
1213 944 1491 1018 civitate
1531 942 1737 1018 nulla
1754 944 2089 1032 sanctior,
2125 945 2405 1042 egregia
2428 967 2577 1018 sce-

337 1063 671 1137 nicorum
709 1062 958 1158 pietas.
1009 1063 1167 1147 Quo
1208 1083 1353 1135 non
1385 1060 1620 1136 solum
1655 1059 2055 1159 migrabant
2083 1068 2165 1136 ut
2196 1084 2348 1135 rem
2383 1060 2574 1136 ludi-

338 1201 537 1252 cram
583 1178 659 1250 in
704 1177 1010 1266 theatro,
1041 1182 1362 1274 tempore
1401 1177 1931 1274 mysteriorum,
1975 1177 2408 1266 factitarent,
2452 1177 2575 1250 sed

338 1293 558 1368 etiam
597 1300 677 1366 ut
708 1317 910 1368 sacra
941 1315 1096 1382 sua,
1131 1291 1415 1391 collegii
1447 1294 1769 1384 nomine,
1814 1316 1943 1390 per
1988 1315 2154 1369 suos
2201 1294 2575 1391 magistra-

337 1418 454 1486 tus
493 1411 735 1484 Cereri
797 1417 866 1482 et
920 1411 1365 1506 Proserpinae
1427 1418 1870 1507 peragerent.
1934 1409 2089 1498 Hic,
2149 1409 2344 1508 quod
2393 1410 2579 1484 nulli

333 1528 459 1602 alii
491 1548 807 1623 unquam
847 1549 1267 1600 concessum
1305 1528 1738 1618 audivimuS,
1782 1525 1858 1599 id
1888 1527 2194 1602 artifices
2234 1529 2575 1624 impetra-

333 1650 592 1719 verunt
619 1652 700 1716 ut
723 1643 996 1740 privato
1023 1643 1226 1718 altari
1263 1651 1331 1718 et
1379 1645 1648 1742 templo
1693 1650 2094 1719 uterentur.
2144 1646 2378 1732 Quam
2417 1669 2571 1743 par-

335 1770 480 1837 tem
529 1759 717 1835 tituli
767 1758 1109 1834 Eleusinii
1159 1760 1508 1859 integram
1551 1783 1859 1858 appono.
1930 1789 1966 1829 «
2010 1758 2415 1858 Collegium
2423 1815 2566 1836 .....

333 1901 630 1976 augens,
677 1886 1029 1974 quantum
1083 1884 1338 1973 potest,
1405 1881 1476 1951 et
1531 1899 1730 1951 sacra
1776 1884 1845 1952 et
1894 1876 2072 1952 alios
2112 1901 2405 1969 omneS‚
2451 1877 2575 1976 qui

331 1997 600 2072 decreti
639 1995 936 2068 fuerunt
963 1993 1102 2067 diis
1135 1999 1206 2068 et
1243 1994 1846 2085 benefactor-ihm,
1877 1995 2215 2087 honores,
2261 1996 2571 2070 decrevit

331 2121 402 2188 et
431 2114 665 2211 ipsum
697 2111 1092 2186 sacrificare
1133 2118 1205 2184 et
1249 2110 1474 2186 libare
1515 2113 1756 2187 Cereri
1785 2119 1857 2186 et
1884 2113 2349 2210 Proserpinae,
2387 2138 2574 2210 mys-

329 2230 678 2305 teriorum
715 2227 1009 2318 diebuS‚
1061 2236 1128 2302 et
1163 2227 1385 2303 altare
1429 2229 1770 2303 exstruxit
1802 2236 1897 2316 et,
1942 2251 2171 2326 quum
2216 2229 2569 2326 templum

329 2347 716 2446 paravisset
753 2345 1112 2435 Eleusine,
1155 2344 1532 2420 libationes
1573 2354 1642 2419 et
1678 2334 1964 2442 paeanas
1995 2369 2125 2443 per
2160 2344 2403 2444 plures
2439 2369 2563 2420 an-

329 2487 462 2539 nos
519 2463 897 2536 continuos
947 2463 1240 2559 peregit.
1285 2491 1318 2529 n
1376 2463 1656 2549 Quibus
1712 2463 1789 2536 in
1863 2460 2054 2538 hello
2087 2520 2106 2552 ,
2184 2463 2422 2538 nescio
2474 2487 2566 2538 an

329 2580 640 2678 Syllano,
672 2579 952 2667 dirutis,
999 2578 1176 2651 nihil
1220 2577 1614 2653 artificibus
1655 2581 2021 2678 antiquius
2048 2580 2185 2654 fuit
2229 2603 2447 2675 quam
2488 2585 2570 2652 ut

327 2695 555 2794 patria
611 2717 807 2771 sacra
859 2695 1265 2792 interrupta
1312 2701 1760 2770 renovarent.
1829 2696 1968 2772 Pro
2026 2717 2325 2771 munere
2396 2718 2555 2787 suo,
2603 2739 2606 2743 ,

329 2820 620 2889 curator
695 2840 729 2880 «
779 2812 1086 2886 restituit
1139 2812 1369 2909 patria
1421 2812 1770 2886 sacrificia
1826 2813 1901 2885 in
1958 2816 2268 2887 Dearum
2332 2812 2557 2889 hono-

329 2954 482 3005 rem
519 2960 554 2999 »
588 2956 607 3018 ;
651 2929 841 3003 idem
898 2956 932 2998 «
977 2930 1086 3002 bis
1139 2928 1389 3018 litavit,
1441 2927 1694 3003 diebus
1737 2953 1779 3003 a
1824 2928 2146 3026 patribus
2192 2930 2554 3021 institutis,

324 3046 723 3133 libationeS‚
774 3040 1041 3129 σπονδὰς
1081 3049 1184 3117 καὶ
1225 3052 1554 3145 ἐπιχύσεις,
1611 3054 1679 3119 et
1726 3068 2006 3142 paeanas
2050 3043 2335 3121 Deabus
2388 3070 2557 3143 per-

327 3163 557 3237 fecit»
582 3218 599 3236 .
637 3163 794 3235 Pari
823 3159 1059 3235 studio
1088 3162 1446 3237 artificum
1485 3170 1553 3237 et
1587 3164 1962 3251 curatoriS‚
1988 3162 2295 3260 jacentia
2320 3164 2553 3239 aedifi-

322 3283 602 3356 ciorum
628 3278 888 3353 rudera
919 3279 1218 3353 excitata
1243 3287 1434 3353 sunt.
1481 3308 1515 3347 «
1548 3283 1724 3353 Eum
1754 3280 2227 3354 invitaverunt
2259 3286 2325 3355 et
2353 3282 2557 3356 enixe

324 3396 772 3495 impulerunt
845 3401 922 3470 ut
978 3417 1226 3469 curam
1296 3418 1584 3492 quoque
1643 3396 2038 3493 susciperet
2111 3396 2555 3471 instaurandi

321 3513 576 3611 templi
610 3520 688 3586 ut
733 3513 824 3586 ad
861 3532 1057 3586 aram
1095 3512 1419 3608 patriam,
1467 3512 1618 3587 sine
1667 3511 2063 3603 obstaculo,
2104 3534 2303 3586 sacra
2340 3515 2555 3608 perfi-

322 3632 632 3706 ciantur.
675 3629 803 3703 llle
847 3651 1039 3715 vero,
1094 3652 1321 3724 quum
1372 3631 1773 3725 erga'Deas
1818 3629 2103 3725 pietate,
2153 3638 2307 3703 tum
2357 3631 2556 3703 insu—

320 3744 622 3845 perabili
688 3768 852 3842 erga
907 3743 1210 3820 artifices
1262 3744 1747 3820 benevolentia
1822 3744 2201 3841 impulsuS,
2268 3748 2555 3843 propria

321 3887 519 3952 cura,
564 3886 652 3935 ex
679 3862 766 3933 iis
795 3885 975 3958 quos
1016 3863 1164 3959 ipse
1196 3863 1491 3951 invenit,
1527 3859 1618 3935 ad
1658 3860 2038 3934 utilitatem
2083 3863 2390 3961 collegii,
2443 3888 2556 3938 re-

322 3980 615 4069 ditibus,
654 3979 1238 4054 instaurationem
1278 3977 1523 4076 templi
1564 3977 1860 4075 perfecit
1900 3985 1969 4050 et
2006 3985 2407 4075 temporum
2443 4004 2557 4055 ca-

321 4096 638 4176 lamitate
673 4118 997 4173 eversum
1035 4097 1254 4172 altare
1293 4096 1443 4195 ipse
1477 4118 1729 4170 rursus
1766 4095 1979 4169 erexit
2012 4093 2143 4191 (2).
2186 4124 2220 4163 »

399 4398 488 4484 (1)
528 4402 615 4463 Le
640 4401 760 4462 Bas
788 4406 852 4462 et
878 4401 1170 4475 Foucart‚
1199 4395 1382 4457 lusori
1413 4394 1493 4457 du
1507 4395 1928 4488 Pe'lcffionnbse‚
1957 4398 2075 4459 326
2104 4418 2162 4460 a.

401 4500 477 4579 (2)
524 4498 626 4558 Fr.
676 4496 1090 4573 Lenormant,
1137 4491 1481 4563 Recherches
1525 4491 1564 4553 ἀ
1605 4492 1885 4567 Eleusis,
1934 4494 2010 4555 26
2031 4538 2046 4569 ,
2096 4492 2143 4554 l.
2192 4497 2327 4556 6·ss
2361 4516 2377 4570 3
2428 4500 2502 4557 14
2534 4519 2555 4570 3

321 4594 434 4670 17;
463 4592 665 4654 20-28.
