3392 5500
794 646 1038 719 multis
1067 670 1293 744 quum
1320 647 1601 743 pietatis
1628 644 1959 720 adversus
1985 645 2159 718 deos
2186 652 2340 718 tum
2371 644 2885 720 benevolentiae
2911 649 3031 722 ad-

790 787 1032 837 versus
1069 764 1376 838 artifices
1405 762 1853 837 documentis
1883 763 2236 860 insignem
2262 819 2281 848 ‚
2324 760 2571 835 multis
2608 784 2772 859 erga
2806 762 3034 836 colle-

789 881 988 975 gium
1013 878 1270 953 officiis
1309 877 1881 974 comprobatum,
1910 876 2248 974 praeclare
2280 876 2603 950 functum
2644 881 2841 951 omni
2876 903 3034 951 mu-

792 1019 1050 1070 nerum
1075 1001 1144 1068 et
1173 995 1713 1092 magistratuum
1743 995 1945 1069 serie.
1982 996 2191 1065 Hunc
2220 999 2457 1066 autem
2478 999 2856 1090 quaesturae
2884 1019 3031 1067 suae

797 1136 1069 1185 annum
1110 1112 1168 1183 is
1196 1114 1386 1185 Zeno
1415 1110 1685 1209 duplici
1718 1110 2121 1185 officiorum
2145 1132 2405 1206 genere
2430 1111 2736 1184 maxime
2764 1133 3032 1185 memo-

797 1228 1099 1302 rabilem
1131 1227 1388 1301 effecit.

895 1345 1250 1418 AErarium
1287 1345 1506 1435 auxit,
1563 1346 1831 1418 reditus
1866 1344 2173 1442 collegii,
2216 1345 2339 1442 qui
2388 1367 2427 1417 e
2466 1343 2709 1417 fundis
2740 1353 2861 1418 aut
2907 1370 3033 1442 pe·

801 1461 1030 1535 cuniis
1071 1459 1359 1534 elocatis
1405 1466 1616 1557 atque
1656 1463 1906 1535 ceteris
1943 1459 2016 1533 id
2062 1459 2535 1558 genus-bonis
2586 1460 3031 1548 constabant,

801 1575 1174 1672 diligenter
1225 1576 1719 1672 persequendo
1766 1584 1836 1650 et
1887 1578 1963 1649 in
2020 1575 2393 1673 publicum
2448 1577 2833 1672 redigendo
2898 1574 3030 1674 (1).

801 1691 948 1765 Nec
989 1691 1263 1764 minore
1297 1690 1656 1788 diligentia
1700 1693 2078 1789 pecuniam
2120 1692 2592 1789 suppeditavit
2623 1699 2699 1764 ut
2723 1691 3041 1789 legitima

805 1830 1002 1881 sacra
1039 1831 1322 1904 quoque
1367 1825 1608 1882 mense
1644 1808 2160 1904 perficerentur
2197 1805 2329 1907 (2),
2366 1814 2436 1881 et
2471 1808 2920 1882 decretorum
2948 1806 3038 1880 ab

807 1922 1200 1996 artificibus
1228 1924 1586 1998 honorum
1626 1947 1952 2020 expensae
1982 1923 2422 1998 solverentur
2451 1922 2585 2022 (3).

907 2042 1077 2113 Haec
1116 2039 1359 2113 omnia
1389 2040 1708 2112 muneris
1736 2041 2022 2136 propria
2052 2048 2121 2111 et
2150 2037 2427 2136 legibus
2458 2039 2843 2112 decretisve
2882 2061 3045 2134 pro-

809 2157 954 2229 visa
984 2156 1147 2253 jure
1185 2179 1313 2228 suo
1365 2162 1433 2229 et
1471 2178 1597 2252 per
1639 2178 1713 2230 se
1760 2163 2071 2252 quaestor
2115 2155 2434 2252 perfecit.
2482 2143 2613 2229 ll'la
2658 2177 2825 2241 vero
2880 2177 3041 2253 quae

812 2272 1048 2345 studio
1099 2272 1503 2346 communis
1551 2271 1876 2345 utilitatis
1923 2272 2277 2370 impulsus
2340 2271 2428 2347 ad
2475 2268 3041 2346 subveniendum

813 2386 1096 2484 collegii
1123 2385 1338 2460 rebus
1367 2393 1492 2460 aut
1524 2388 1614 2462 ad
1656 2389 2062 2486 augendum
2106 2388 2562 2485 splendorem
2602 2387 3036 2484 excogitavit,

813 2503 903 2576 ad
939 2503 1290 2600 populum
1327 2503 1694 2578 referenda
1728 2503 2041 2592 fuerunt,
2078 2503 2518 2578 orationibus
2538 2503 2831 2592 tuenda,
2876 2503 3043 2576 arti-

814 2619 1032 2692 ficum
1061 2620 1429 2692 sententiis
1460 2618 2017 2716 comprobanda,
2054 2643 2215 2716 quae
2241 2643 2376 2693 nec
2409 2619 2764 2714 suscipere
2794 2624 3044 2714 sponte

815 2756 943 2805 sua
985 2739 1256 2829 poterat
1292 2757 1426 2806 nec
1462 2757 1708 2806 rursus
1746 2732 1986 2807 subire
2014 2733 2421 2830 cogebatur.
2500 2736 2799 2820 «Quum
2836 2730 3046 2805 multi

817 2874 857 2922 e
893 2848 1220 2945 pluribus
1254 2850 1460 2923 annis
1504 2873 1737 2925 moras
1773 2850 2228 2925 restituendae
2271 2852 2595 2946 pecuniae
2638 2849 3041 2938 traherent,

817 2973 981 3038 ante
1011 2964 1361 3061 populum
1399 2987 1520 3039 eos
1545 2964 1887 3039 indicavit
1894 3022 2039 3038 .....
2076 2971 2148 3041 et
2178 2967 2510 3039 invitatus
2540 2965 2628 3039 ab
2657 2964 3049 3039 artificibus

819 3081 1089 3155 curavit
1125 3087 1207 3152 ut
1250 3078 1484 3154 debita
1522 3087 1978 3177 recuperaret
2016 3079 2214 3181 (4).»
2274 3081 2472 3157 Idem
2534 3082 2791 3177 saepius
2840 3079 3056 3155 verba

818 3198 984 3270 fecit
1028 3204 1103 3269 ut
1144 3196 1463 3270 scenicos
1509 3199 1600 3271 ad
1650 3198 2057 3294 ponendam
2108 3199 2366 3271 Bacchi
2400 3205 2702 3272 statuam
2751 3203 2875 3272 aut
2923 3220 3051 3294 pa-

819 3312 1040 3388 randa
1087 3335 1171 3386 ea
1209 3336 1370 3409 quae
1421 3314 1498 3387 in
1535 3314 1803 3411 templo
1850 3315 2172 3389 ornando
2216 3322 2341 3389 aut
2387 3315 2585 3387 festis
2634 3314 3051 3412 peragendis

818 3429 981 3502 usui
1025 3435 1259 3502 essent
1309 3436 1432 3503 aut
1467 3429 1556 3503 ad
1602 3431 2039 3527 perficienda
2074 3431 2377 3506 aedificia
2412 3432 2743 3506 inchoata
2790 3431 3050 3528 impel-

818 3543 996 3617 leret
1043 3541 1176 3642 (5).
1235 3547 1407 3631 Quae
1445 3568 1664 3641 quum
1711 3548 2043 3620 secundis
2089 3547 2383 3621 auribus
2432 3553 2722 3643 accepta
2766 3555 3047 3637 essent,

820 3668 1014 3733 extra
1051 3662 1423 3757 proprium
1454 3663 1774 3735 muneris
1808 3661 2130 3738 officium
2182 3665 2547 3752 invitatuS,
2595 3664 2840 3737 omnia
2871 3686 3053 3760 pru-

822 3775 1074 3849 denter
1095 3775 1396 3849 locanda
1425 3782 1548 3849 aut
1575 3779 2001 3852 exstruenda
2028 3779 2297 3852 curavit
2336 3777 2465 3878 (6).

924 3894 1157 3966 Ceteri
1202 3894 1650 3990 magistratus
1696 3896 1972 3992 Argivae
2024 3894 2412 3969 sodalitatis
2466 3896 2773 3970 universi
2810 3896 3053 3970 nomi-

826 4016 1086 4082 nantur
1111 4008 1248 4106 (7);
1285 4010 1552 4082 mentio
1593 4009 1976 4107 peculiaris
2017 3999 2267 4086 scribae
2310 4013 2461 4109 qui,
2509 4012 2695 4085 inter
2738 4011 2904 4099 alia,
2953 4010 3051 4085 fa-

907 4213 991 4293 (1)
1031 4214 1327 4291 Foucart,
1357 4212 1554 4273 Revue
1579 4213 1856 4291 arche'ol„
1891 4217 2069 4291 1870,
2101 4220 2149 4276 t.
2182 4217 2259 4287 11,
2291 4234 2353 4296 p.
2390 4218 2526 4291 107,
2563 4215 2609 4277 l.
2641 4218 2700 4277 8.
2826 4199 2829 4203 ¹

908 4306 993 4384 (2)
1034 4304 1279 4381 Ibidem,
1309 4306 1355 4367 1.
1387 4310 1486 4367 12.
1509 4339 1588 4351 -
1615 4307 1696 4385 (3)
1724 4306 1967 4386 Ibidem,
1989 4308 2029 4371 l.
2063 4310 2466 4390 24-35.-(4)
2494 4309 2739 4389 Ibidem,
2772 4310 2818 4374 l.
2854 4313 3049 4373 10-12.

907 4398 995 4480 (5)
1035 4398 1276 4475 Ibidem,
1308 4399 1354 4460 1.
1382 4404 1584 4477 15-21,
1612 4404 1828 4463 24-28.
1968 4396 1977 4405 ’

913 4495 996 4573 (6)
1036 4491 1283 4567 Ibidem,
1315 4493 1361 4557 l.
1391 4496 1488 4569 18,
1517 4496 1619 4561 21.
1641 4528 1723 4540 -
1748 4494 1830 4577 (7)
1869 4495 2119 4574 Ibidem,
2152 4497 2197 4563 l.
2225 4500 2327 4560 36.
