3392 5500
1622 517 1982 577 -102—

708 668 1103 719 marmorea
1153 646 1398 719 tabula
1435 668 1582 719 non
1624 645 2020 737 sufficeret,
2076 670 2243 720 usus
2297 646 2595 720 invaluit
2658 650 2738 719 ut
2791 643 2936 719 duo

707 783 969 878 genera
1006 759 1343 835 ludorum
1373 759 2010 865 distinguerentur
3041 852 3048 858 ,

808 880 877 949 1⁰
919 856 1157 971 Αγῶνες
1178 884 1547 971 στεφανῒται,
1588 881 1904 969 φυλλῒται,
1943 880 2112 973 ἱεροί,
2156 876 2230 947 in
2263 873 2523 971 quibus
2551 874 2798 948 Victori
2818 895 2942 947 co-

706 1012 884 1063 rona
912 994 1032 1063 aut
1061 990 1254 1086 parvi
1283 989 1490 1087 pretii
1520 991 1902 1086 praemium
1943 990 2429 1078 tribuebatur&
2481 990 2687 1087 cujus
2727 1012 2942 1086 gene-

706 1105 804 1180 ris
860 1111 1027 1179 sunt
1076 1106 1312 1203 magni
1369 1108 1657 1180 Graeciae
1711 1106 1894 1195 ludi,
1947 1129 2226 1181 necnon
2285 1105 2529 1195 multi,
2575 1107 2809 1202 primo
2871 1112 2942 1180 et

706 1224 1018 1299 secundo
1056 1231 1216 1321 post
1241 1230 1519 1299 aetatem
1549 1232 1868 1299 nostram
1895 1225 2187 1315 saeculo,
2224 1223 2314 1299 ad
2344 1247 2594 1299 eorum
2627 1223 2940 1297 aemula-

703 1343 976 1416 tionem
1012 1342 1088 1413 in
1124 1342 1482 1439 plerisque
1544 1343 1820 1439 magnis
1876 1341 2272 1417 civitatibus
2324 1342 2536 1432 Asiae,
2611 1342 2928 1431 Graeciae,

705 1458 922 1533 ltaliae
952 1458 1282 1532 instituti.

804 1577 877 1649 2⁰
917 1576 1281 1671 Θεματικοί,
1318 1580 1658 1674 ἀργυρῖται,
1703 1584 2116 1661 ταλαντιαῖοι,
2168 1585 2690 1671 ἠμιταλαντιαῒοι,
2757 1597 2939 1672 quo-

705 1714 869 1765 rum
899 1689 1024 1765 illa
1053 1689 1144 1764 ob
1174 1691 1555 1789 praemium
1574 1692 1880 1787 pecunia
1904 1691 2244 1780 solutum,
2278 1691 2435 1765 haec
2463 1689 2554 1765 ob
2580 1690 2932 1765 talentum

708 1815 830 1882 aut
872 1809 1189 1881 medium
1228 1808 1606 1897 talentum,
1655 1831 1815 1904 quae
1863 1831 2135 1881 merces
2178 1815 2329 1881 erat
2369 1808 2676 1894 victorie,
2733 1808 2936 1880 dice-
2991 1884 2994 1887 ,

709 1925 1014 2016 bantur3
1058 1948 1219 2021 quae
1262 1929 1503 1998 tamen
1538 1923 1881 1998 vocabula
1927 1926 2138 1998 etiam
2181 1925 2256 1999 in
2315 1923 2714 1998 minoribus
2759 1946 2939 2020 prae-

709 2041 875 2113 miis
910 2046 1246 2137 usurpata
1285 2039 1603 2113 fuerunt.
1654 2043 1807 2114 Hoc
1847 2046 2088 2113 tamen
2115 2063 2340 2138 genus
2377 2039 2609 2114 multo
2645 2040 2942 2113 minoris

713 2156 923 2252 pretii
952 2154 1317 2247 habitum3
1354 2155 1617 2251 itaque,
1655 2178 1880 2253 quum
1929 2156 2230 2230 victores
2280 2156 2563 2232 athletae
2611 2164 2734 2230 aut
2773 2157 2945 2231 arti-

710 2272 875 2346 fices
914 2272 1185 2369 palmas
1222 2273 1297 2345 in
1334 2273 1610 2369 magnis
1656 2272 1848 2345 ludis
1878 2272 2128 2347 relatas
2164 2273 2590 2370 plerumque
2631 2273 2944 2371 singulas
3017 2359 3023 2363 .

710 2394 1160 2475 enumerent,
1200 2394 1598 2461 ceterarum
1629 2410 2020 2460 numerum
2067 2385 2343 2461 addunt
2388 2394 2516 2460 aut
2579 2416 2612 2454 «
2657 2388 2824 2461 vicit
2860 2388 2936 2460 in

710 2503 1045 2578 omnibus
1067 2502 1576 2577 certaminibus
1610 2503 2010 2576 thematicis
2030 2504 2105 2576 in
2123 2502 2386 2599 quibus
2415 2503 2704 2577 certavit
2739 2502 2866 2601 (1).
2901 2532 2936 2569 ι)

712 2618 1099 2715 Superbior
1149 2620 1363 2694 etiam
1410 2620 1530 2692 illa
1589 2617 1933 2706 brevitas,
1991 2640 2166 2714 qua,
2231 2643 2379 2715 prae
2442 2618 2720 2692 fastidio
2796 2625 2941 2691 tam

670 2783 675 2786 -
712 2733 973 2808 multas
1002 2734 1331 2808 victorias
1368 2732 2004 2822 commemorandi,
2049 2732 2291 2807 laudat
2333 2732 2661 2830 quaedam
2701 2732 2945 2805 civitas

722 2882 754 2916 α
798 2855 1115 2926 Marcum
1153 2851 1524 2925 Aurelium
1566 2849 2691 2945 CharmumPhiladelphensem,
2723 2850 2945 2922 Nico-

714 2965 1151 3056 medensem,
1213 2964 1776 3050 Atheniensem,
1845 2963 2320 3035 citharoedum
2391 2960 2940 3049 incredibilem,

710 3079 1275 3177 periodonicam,
1320 3086 1738 3154 coronatum
1775 3079 1851 3151 in
1889 3076 2225 3152 omnibus
2279 3078 2496 3150 sacris
2539 3078 2950 3151 certamini-

710 3198 929 3289 buS,
910 3222 986 3271 m
1029 3197 1356 3271 universo
1409 3196 1579 3270 orbe
1624 3220 1665 3269 a
1703 3195 2052 3292 Capitolio
2103 3218 2328 3293 usque
2362 3193 2451 3268 ad
2497 3195 2947 3270 Antiochiam

713 3315 984 3410 Syriam
1014 3313 1148 3412 (2).
1200 3344 1235 3379 2>

811 3433 1061 3527 Operoe
1100 3430 1408 3527 pretium
1466 3436 1573 3503 est
1633 3429 2020 3503 nonnullos
2076 3429 2322 3504 titulos
2383 3430 2693 3528 adjicere
2720 3489 2738 3522 ,
2806 3452 2946 3527 quo

714 3546 969 3622 melius
1006 3546 1239 3622 videas
1279 3569 1495 3644 quam
1534 3545 1784 3619 multae
1809 3545 1896 3620 ab
1929 3569 2073 3620 uno
2101 3547 2380 3621 artifice
2417 3556 2766 3644 congestae
2809 3547 2948 3621 vic-

716 3665 945 3754 toriae,
987 3686 1205 3762 quam
1248 3663 1493 3737 faciles
1531 3664 1607 3736 in
1644 3661 2135 3738 adscribendis
2171 3665 2433 3737 civitati
2474 3687 2621 3736 suae
2653 3665 2947 3752 scenicis

714 3786 835 3854 aut
909 3781 985 3852 in
1039 3781 1420 3877 largiendis
1491 3778 1913 3868 honoribuS,
1985 3780 2264 3877 populi,
2333 3787 2403 3854 et
2468 3776 2680 3854 simul
2731 3803 2945 3878 quam

794 4043 881 4126 (1)
921 4045 1007 4104 Le
1030 4043 1151 4102 Bas
1178 4047 1243 4101 et
1273 4040 1728 4120 Waddington,
1767 4041 1956 4102 Inscr.
1997 4039 2508 4117 d'Asie-Mineure,
2544 4046 2716 4102 note.
2749 4076 2828 4089 -—
2862 4043 2948 4104 Gf.

717 4141 789 4199 H.
820 4137 898 4198 de
925 4134 1326 4216 Longperier‚
1353 4135 1550 4196 Bevue
1568 4133 2035 4215 archeoloyique,
2062 4136 2241 4209 1869,
2277 4142 2320 4195 t.
2352 4136 2400 4213 Ι,
2432 4154 2494 4214 p.
2531 4137 2828 4199 139-148.

795 4229 883 4311 (2)
930 4229 1156 4310 Corpus
1192 4233 1367 4288 inser.
1408 4249 1523 4308 qr„
1574 4231 1754 4290 3425.
1807 4229 2201 4291 Citharoedus
2235 4229 2484 4297 restitui
2526 4229 2711 4291 debet
2729 4277 2746 4307 ,
2786 4231 2950 4310 quod

716 4343 915 4405 genus
954 4322 1203 4383 artificii
1240 4322 1309 4382 in
1346 4322 1637 4383 omnibus
1676 4322 1844 4383 ludis
1882 4322 2240 4390 adhibitum
2283 4323 2442 4399 fuit3
2483 4322 2572 4382 καὶ
2617 4323 2777 4404 ᾠδόν,
2809 4325 2952 4385 sim-

720 4419 882 4498 plice
928 4420 1254 4477 cantorem
1282 4415 1478 4476 voluit
1525 4415 1886 4494 Boeckhius,
1934 4435 2125 4498 quem
2161 4417 2230 4477 in
2271 4418 2720 4480 certaminibus
2762 4419 2944 4480 saris

718 4517 985 4574 certasse
1018 4527 1332 4590 nusquam
1358 4509 1632 4570 invenio.
2986 4511 2992 4516 ’
