3392 5500
1261 579 1582 640 ..25-

307 715 726 790 bricandam
775 734 1111 786 coronam
1154 712 1229 785 in
1271 711 1621 785 honorem
1665 708 1971 784 Zenonis
2004 713 2075 780 et
2110 706 2434 783 eamdem
2467 708 2543 780 in

304 832 638 929 gymnico
692 829 1082 903 certamine
1131 831 1566 901 Nemeorum
1609 849 1739 922 per
1773 847 2178 921 praeconem
2221 847 2544 921 pronun-

303 948 627 1035 tiandam
658 968 908 1019 curare
945 943 1191 1018 debuit
1227 946 1353 1039 (1).
1399 943 1603 1016 Alius
1639 943 1851 1016 etiam
1887 944 2218 1022 ἐπιστάτης
2247 941 2337 1014 ad
2364 947 2543 1014 tem-

306 1088 446 1162 pus
473 1068 750 1137 creatus
789 1061 952 1149 fuit,
1001 1060 1204 1158 cujus
1242 1059 1314 1133 id
1353 1082 1583 1132 unum
1622 1081 1886 1130 munus
1919 1070 2068 1130 erat
2110 1063 2211 1146 ut,
2262 1062 2548 1153 accepta

303 1203 350 1253 a
385 1184 739 1276 quaestore
778 1177 1108 1273 pecunia,
1149 1171 1562 1272 fingendam
1589 1195 1865 1246 aeneam
1898 1172 2202 1245 Zenonis
2230 1170 2541 1267 effigiem

304 1304 377 1370 et
412 1292 948 1369 inscribendum
987 1291 1326 1366 marmori
1371 1288 1646 1386 collegii
1689 1285 2052 1362 decretum
2092 1295 2373 1360 curaret
2403 1287 2537 1386 (2).

306 1414 436 1485 His
488 1413 682 1485 enim
738 1409 1056 1506 collegiis
1108 1407 1308 1482 cordi
1373 1429 1652 1503 semper
1701 1404 1836 1478 fuit
1890 1410 1993 1494 ut,
2050 1402 2541 1501 multiplicatis

304 1524 858 1626 magistratibuS,
894 1525 1132 1598 minor
1158 1528 1339 1596 esset
1373 1523 1822 1620 singulorum
1852 1527 2186 1618 potestaS,
2231 1543 2541 1611 necnon,

302 1644 636 1742 pluribus
681 1642 1032 1740 patefacto
1067 1638 1494 1737 dignitatum
1545 1638 1770 1727 aditu,
1826 1636 2256 1711 industriam
2305 1636 2545 1712 homi-

305 1785 488 1836 num
525 1761 908 1835 excitarent
948 1764 1018 1831 et
1062 1755 1412 1829 beneficia
1441 1753 1805 1829 elicerent.

409 1877 620 1951 Haud
660 1875 919 1972 ingrati
957 1872 1263 1947 artifices
1291 1894 1455 1968 erga
1484 1894 1606 1944 eos
1634 1893 1948 1968 quorum
1986 1870 2220 1946 studio
2264 1872 2338 1945 in
2379 1870 2547 1944 fun·-

306 1992 556 2092 gendis
581 1989 1104 2088 magistratibus
1123 1997 1349 2063 auctae
1389 2010 1498 2060 res
1529 1985 1836 2082 collegii,
1878 1994 1998 2060 aut
2036 2010 2344 2084 quorum
2372 1984 2545 2060 libe-

307 2109 588 2184 ralitate
626 2106 1078 2202 amplificatae
1129 2128 1301 2200 opes
1344 2109 1412 2177 et
1450 2104 1758 2176 levatum
1803 2127 1985 2176 onus
2032 2104 2540 2201 impensarum.

309 2222 936 2312 Quemadmodum
991 2221 1307 2296 civitates
1363 2243 1614 2318 graecoe
1662 2217 1963 2293 decretis
2023 2218 2205 2294 bene
2257 2221 2548 2296 meritos

307 2342 641 2415 homines
695 2336 1038 2412 laudibus
1082 2343 1154 2412 et
1188 2334 1586 2410 honoribus
1631 2359 1891 2433 augere
1936 2334 2161 2410 solitae
2206 2343 2400 2426 sunt,
2446 2337 2547 2408 sic

313 2479 616 2554 quoque.
633 2455 1080 2529 scenicorum
1107 2451 1444 2550 populuS,
1479 2452 1556 2524 in
1581 2453 1929 2526 concione
1950 2450 2201 2525 laudes
2225 2458 2295 2525 et
2322 2452 2549 2526 hono—

255 2646 259 2652 .
313 2596 427 2648 res
471 2571 713 2668 largiri
761 2591 1136 2666 nunquam
1181 2567 1443 2643 omisit.
1496 2567 1824 2654 Decreto,
1870 2574 2248 2663 postquam
2290 2567 2547 2641 diserte

312 2692 790 2762 memoratum
837 2683 1188 2783 quidquid
1222 2706 1582 2781 prospere,
1617 2681 1972 2780 quidquid
2012 2684 2152 2779 pie,
2199 2682 2548 2782 quidquid

311 2802 706 2878 liberaliter
745 2809 1026 2899 gestum
1070 2801 1328 2887 fuerat,
1387 2797 1796 2873 tribuebant
1852 2800 2163 2873 honores
2212 2825 2229 2872 ε
2292 2800 2547 2873 lauda-

317 2920 614 3007 tionem,
659 2939 1023 3005 coronam,
1066 2938 1382 2989 annuam
1428 2913 2064 3011 proclamationem
2092 2916 2167 2987 in
2203 2914 2391 2988 ludis
2421 2939 2550 3013 per

313 3056 749 3131 praeconem,
793 3031 1060 3129 effigies
1091 3031 1316 3128 pictas
1346 3037 1466 3103 aut
1497 3053 1933 3104 marmoreas
1954 3037 2078 3104 aut
2104 3054 2365 3120 aeneaS,
2397 3034 2551 3129 qui-

313 3150 450 3224 bus
481 3147 931 3222 incidebatur
966 3146 1078 3221 vel
1120 3148 1358 3244 ipsum
1399 3145 1682 3243 collegii
1723 3147 2089 3219 decretum
2131 3146 2238 3223 vel
2273 3147 2549 3222 brevior

308 3265 607 3339 honoris
671 3264 936 3337 mentio
973 3262 1107 3361 (3).
1161 3262 1537 3349 Additum,
1592 3262 2022 3359 plerumque
2068 3262 2346 3360 prolixa
2389 3288 2548 3338 ora·

311 3382 536 3472 tione,
577 3379 838 3477 quibus
872 3377 1341 3474 temporibuS,
1386 3377 1648 3474 quibus
1684 3377 1885 3469 locis,
1926 3402 2048 3476 per
2075 3403 2253 3476 quos
2287 3382 2549 3477 magis-

290 3484 541 3571 'tratus
576 3495 1212 3593 pronuntiarentur
1249 3493 1586 3583 honoreS,
1623 3494 1885 3591 quibus
1907 3496 1981 3568 in
2013 3496 2293 3592 templis
2322 3498 2552 3593 erige—

314 3619 568 3686 rentur
605 3620 882 3698 statuoe,
928 3633 1152 3708 quum
1195 3608 1469 3707 aliquid
1508 3634 1785 3708 semper
1824 3612 1982 3684 novi
2034 3612 2551 3709 excogitaretur

315 3751 461 3825 quo
520 3726 960 3824 splendidior
1007 3725 1208 3799 fieret
1259 3726 1677 3800 meritorum
1726 3728 2337 3802 commemoratio.
2406 3732 2551 3803 Nec
2658 3820 2660 3823 Α

315 3843 546 3919 defuit
583 3841 967 3915 verborum
1008 3840 1528 3939 magnificentia
1571 3871 1606 3909 «
1633 3848 1711 3914 ut
1740 3842 1955 3939 igitur
1983 3849 2054 3917 et
2091 3843 2551 3918 manifestum

313 3960 405 4032 sit
437 3958 745 4032 artifices
771 3955 1084 4030 tribuere
1122 3956 1381 4054 gratias
1413 3957 1658 4055 dignas
1695 3958 1891 4031 illius
1918 3958 2281 4036 beneficiis
2308 3961 2549 4035 hono—-

313 4098 604 4174 resque,
647 4080 719 4148 et
759 4072 1026 4147 multos
1069 4072 1387 4148 habeant
1410 4074 1715 4148 Zenonis
1747 4074 2050 4149 aemulos
2079 4074 2209 4175 (4).
2244 4106 2275 4146 »

394 4285 482 4367 (1)
521 4288 814 4361 Foucart,
845 4284 1044 4349 Revue
1067 4282 1354 4362 archeol„
1389 4286 1569 4362 1870,
1598 4290 1646 4348 t.
1678 4286 1757 4360 11,
1789 4303 1855 4363 p.
1882 4288 2022 4364 107,
2056 4286 2103 4348 l.
2137 4289 2336 4352 38-39.

403 4380 486 4461 (2)
522 4377 767 4452 Ibidern,
794 4378 841 4439 1.
872 4380 1086 4440 38-41.

395 4472 481 4551 (3)
526 4472 754 4551 Corpus
782 4470 960 4532 inser.
989 4490 1112 4552 qr„
1141 4474 1321 4551 3072,
1343 4504 1426 4519 —
1446 4473 1532 4533 Le
1558 4474 1699 4547 Bas,
1722 4476 1862 4549 504,
1896 4476 2035 4536 505.

396 4565 491 4647 (4)
528 4567 820 4643 Foucart,
852 4562 1049 4629 Revu'e
1077 4565 1364 4643 arclt6ol„
1396 4568 1572 4642 1870,
1604 4572 1654 4629 t.
1681 4568 1758 4644 11,
1793 4586 1855 4647 p.
1892 4571 2027 4645 107,
2058 4566 2097 4629 1.
2125 4570 2327 4632 2830.
