3392 5500
1774 539 2091 598 ...42-

815 677 964 744 erat
1001 695 1091 743 ne
1131 653 1512 747 histriones
1541 671 1893 769 stipendia
1938 674 2253 746 facerent
2292 667 2423 770 (1).
2470 669 2641 761 Sed,
2686 671 2764 743 in
2802 670 3052 744 eadem

813 788 1251 875 conditione,
1316 811 1546 862 causae
1613 789 2108 864 diversissiniae
2149 814 2165 863 ε
2208 788 2326 876 hi,
2380 787 2473 861 ob
2533 785 3053 883 turpitudinem

813 902 1123 994 artificii,
1169 904 1571 1002 legionibus
1607 905 1900 992 exclusi,
1952 903 2087 991 illi,
2132 904 2428 978 honoris
2463 909 2533 978 et
2580 905 2758 978 sacri
2799 903 3055 975 minis·-
3110 921 3117 932 ·

811 1019 972 1092 terii
1007 1019 1257 1116 gratia,
1298 1021 1553 1094 militia
1591 1023 1973 1096 immunes,
2020 1021 2253 1118 Hujus
2295 1018 2626 1122 beneficii
2662 1026 3053 1106 auctorem,

812 1136 870 1209 si
895 1135 1204 1211 Diodoro
1227 1137 1467 1212 Siculo
1491 1137 1872 1225 credimuS,
1899 1139 2137 1234 ipsum
2166 1137 2523 1212 Bacchum
2540 1143 2811 1210 veteres
2827 1137 3053 1210 Graeci

811 1257 1264 1349 putaverunt.
1325 1284 1360 1320 α
1401 1254 1730 1346 Bacchus
1776 1253 2193 1350 thymelicos
2225 1254 2440 1328 etiam
2481 1253 2690 1328 ludos
2727 1252 3054 1342 instituit,

812 1369 1088 1444 theatra
1115 1371 1434 1445 exhibuit
1466 1378 1534 1444 et
1559 1372 2001 1445 musicorum
2031 1377 2515 1446 acroamatum
2542 1369 2820 1446 scholas
2844 1392 3055 1444 cons-

813 1485 1025 1558 tituit.
1056 1486 1164 1559 Ad
1195 1487 1328 1561 hoc
1358 1485 1522 1560 illos
1566 1486 1875 1584 publicis
1908 1487 2329 1562 muneribus
2372 1489 2733 1561 immunes
2764 1507 2917 1560 esse
2942 1508 3055 1558 vo-

812 1599 971 1688 luit,
1022 1601 1146 1694 qui
1193 1600 1268 1673 in
1321 1600 1895 1698 expeditionibus
1923 1602 2198 1676 bellicis
2226 1602 2499 1700 aliquid
2547 1604 2839 1677 musicae
2883 1602 3053 1676 artis

811 1721 1218 1788 tractarent.
1272 1715 1476 1790 Unde
1523 1719 1798 1792 musica
1848 1721 2296 1793 scenicorum
2347 1719 2703 1794 artificum
2756 1718 3051 1816 collegia

811 1832 1073 1928 posteri
1105 1833 1571 1909 instituerunt
1599 1844 1668 1908 et
1700 1836 1951 1910 studiis
1978 1837 2175 1912 hisce
2200 1835 2479 1911 deditos
2514 1839 2877 1911 immunes
2900 1859 3049 1911 esse

804 1949 1169 2044 jusserunt
1210 1948 1342 2049 (3).
1382 1981 1414 2019 »

910 2069 1106 2140 Hanc
1153 2069 1592 2143 vacationem
1646 2069 1947 2157 militiae,
2001 2068 2137 2144 deo
2187 2077 2503 2160 auctore,
2557 2071 3049 2161 Athenienses,

814 2184 1310 2258 Demosthenis
1355 2192 1588 2278 aetate,
1646 2187 1945 2260 scenicis
1983 2185 2314 2261 tribuisse
2340 2185 2696 2275 videntur,
2729 2187 2854 2261 sed
2894 2209 3049 2260 eam

813 2321 944 2372 nec
991 2307 1406 2398 perpetuam
1448 2327 1582 2378 nec
1637 2303 1985 2376 universis
2039 2325 2474 2377 concessam.
2539 2305 3051 2378 Demosthenes

810 2416 1005 2490 enim
1035 2416 1123 2491 de
1151 2419 1514 2492 Sannione
1544 2427 1614 2492 et
1643 2417 1949 2492 Aristide
1983 2420 2189 2494 verba
2227 2419 2421 2511 fecit,
2463 2421 2848 2494 chororum
2890 2442 3052 2493 ma-

682 2595 692 2607 .
811 2533 1070 2629 gistriS,
1136 2537 1259 2631 qui
1304 2535 1396 2609 ob
1445 2537 1796 2610 desertam
1830 2535 2159 2610 militiam
2214 2535 2533 2611 damnati
2590 2537 2876 2611 fuerant
2934 2537 3049 2632 (In

810 2649 1136 2738 Midiam,
1180 2657 1295 2739 58,
1319 2651 1468 2752 59).
1511 2657 1884 2744 Praeterea,
1923 2675 2339 2751 quanquam
2370 2653 2445 2727 id
2466 2654 2806 2727 usitatum
2838 2661 3051 2755 atque

811 2765 1026 2839 etiam
1053 2766 1206 2865 lege
1240 2776 1470 2842 ratum
1501 2771 1729 2844 fuerat
1754 2776 1860 2857 ut,
1896 2770 2020 2867 qui
2062 2770 2411 2866 Dionysiis
2445 2771 2648 2845 chori
2677 2772 3052 2868 participes

815 2882 1039 2956 futuri
1067 2892 1348 2977 essent,
1389 2885 1645 2961 militia
1695 2893 2070 2975 vacarent,
2134 2886 2385 2960 Midias
2443 2887 2922 2983 hipparchuS‚
2973 2892 3053 2959 ut
3159 2991 3165 2995 ἱ

813 3002 1305 3076 Demosthenis
1347 3003 1651 3077 chorum
1681 3003 2038 3092 turbaret,
2088 3025 2235 3076 non
2281 3003 2437 3075 sivit
2482 3003 2640 3101 ejus
2672 3002 3051 3077 choreutas

810 3118 1168 3192 immunes
1199 3142 1349 3193 esse
1384 3120 1497 3217 (In
1535 3120 1879 3211 Midiam,
1932 3126 2053 3208 15;
2107 3119 2369 3207 Schol„
2416 3143 2490 3217 p.
2533 3125 2701 3209 519,
2762 3122 2911 3216 14).
2954 3126 3053 3191 Ex

811 3257 953 3331 quo
979 3235 1258 3309 videtur
1291 3244 1458 3310 tunc
1492 3237 1857 3335 temporiS‚
1895 3236 2535 3338 inAtheniensium
2556 3236 2859 3319 civitate,
2892 3260 3050 3310 eam

809 3352 1284 3445 vacationem,
1309 3402 1311 3405 <
1335 3376 1480 3426 non
1537 3354 1676 3426 nisi
1723 3354 2181 3450 permittente
2218 3353 2536 3449 legitimo
2588 3353 2999 3450 magistratu
3026 3409 3045 3443 ,

811 3468 1105 3541 concedi
1139 3469 1480 3563 potuisse.
1540 3472 1693 3543 Hoc
1731 3475 1973 3543 tamen
2011 3466 2247 3542 Midiae
2275 3522 2295 3560 ‚
2337 3474 2469 3542 etsi
2506 3492 2545 3543 e
2573 3467 2729 3565 lege
2761 3475 3001 3543 actum
3026 3525 3045 3561 ,

809 3584 1075 3679 impuri
1130 3584 1444 3658 hominis
1490 3586 1718 3658 visum
1774 3593 1879 3657 est
1930 3591 1997 3659 et
2057 3586 2281 3681 magis
2324 3586 2614 3683 privatae
2672 3585 3051 3659 simultatis

811 3721 1030 3794 quam
1067 3700 1335 3795 publici
1385 3724 1548 3799 erga
1585 3703 1943 3775 civitatem
1989 3700 2235 3775 studii.
2290 3704 2475 3773 Usus
2520 3702 2715 3775 enim
2752 3702 3051 3776 invaluit

813 3821 892 3887 ut
929 3815 1286 3889 choreutis
1324 3818 1397 3889 in
1443 3840 1715 3891 annum
1754 3817 2069 3891 muneris
2102 3817 2518 3889 immunitas
2552 3819 2872 3906 daretur-3
2912 3840 3050 3914 qua

813 3928 1146 4005 facultate
1200 3932 1402 4007 abusi
1454 3934 1742 4031 choragi
1784 3956 1904 4007 eos
1938 3934 2238 4030 juvenes
2285 3933 2736 4029 potissimum
2777 3933 3048 4030 delige-

809 4045 980 4121 bant
1009 4050 1270 4146 quibus
1298 4075 1427 4149 per
1454 4058 1732 4125 aetatem
1766 4049 2222 4124 militandum
2255 4055 2431 4123 erat.
2477 4053 2651 4137 Quoe
2681 4050 2905 4123 nimia
2940 4050 3046 4123 fa·-

811 4164 1036 4239 cilitas
1072 4164 1248 4241 adeo
1277 4168 1676 4265 perniciosa
1704 4167 1888 4240 facta
1917 4172 2129 4239 estut
2160 4165 2698 4250 Demosthenes,
2735 4168 2811 4239 in
2840 4166 3045 4254 tertia

809 4282 1126 4356 oratione
1149 4283 1592 4381 Olynthiaca,
1625 4306 1773 4357 non
1804 4282 2028 4381 magis
2057 4281 2249 4381 leges
2270 4284 2359 4357 de
2380 4282 2714 4357 theatrali
2743 4283 3043 4381 pecunia

889 4546 977 4628 (1)
1003 4548 1234 4623 LiviuS,
1264 4550 1397 4627 vll,
1427 4554 1488 4611 2.
1513 4582 1592 4595 —
1613 4548 1700 4629 (2)
1740 4546 2068 4619 DiodoruS,
2102 4547 2207 4622 IV,
2238 4549 2299 4606 5.
