3392 5500
1261 601 1579 660 -65-

310 722 503 807 mina
553 733 705 807 sola
755 756 1001 807 eorum
1045 733 1165 830 qui
1230 734 1537 805 vicerant
1602 734 1941 805 marmori
2006 730 2525 805 incidebantur.

310 853 632 935 Quorum
672 850 1147 923 certaminum
1178 856 1641 923 monumenta
1670 856 1944 923 exstant
1972 856 2136 922 ante
2161 870 2532 921 romanam

311 973 625 1053 aetatem,
671 966 795 1041 illa
829 973 997 1039 sunt
1032 992 1047 1039 ε
1087 966 1545 1065 Amphiaraia
1592 966 1836 1064 Oropi,
1879 965 2146 1041 Museia
2182 964 2529 1059 ThespiiS,

312 1082 703 1157 Charitesia
732 1090 800 1158 et
838 1081 1215 1158 Homoloia
1254 1082 1714 1158 Orchomeni.

1346 1424 1502 1497 VlI.

316 1688 733 1764 Quomodo
773 1692 1038 1745 artem
1076 1688 1481 1745 ludicram
1527 1688 1820 1745 musici
1829 1730 1849 1762 ,
1903 1691 2154 1761 poetae
2171 1724 2193 1760 ,
2236 1692 2552 1747 actores

1156 1782 1718 1845 exercuerint?

416 2028 727 2115 Quaesito
782 2048 921 2123 qua
969 2024 1239 2100 ratione
1277 2024 1632 2101 artificum
1671 2024 1969 2125 collegia
2013 2028 2415 2103 civitatibus
2455 2027 2545 2103 ad

318 2143 749 2240 peragendos
779 2140 985 2215 ludos
1014 2164 1303 2238 operam
1342 2140 1770 2237 praeberent,
1796 2141 2017 2216 altera
2053 2145 2352 2239 quaestio
2391 2146 2549 2217 ori-

319 2266 479 2332 tur:
509 2282 650 2357 quo
677 2256 887 2333 modo
917 2258 1221 2331 musicas
1250 2265 1432 2331 artes
1454 2260 1715 2333 scenici
1733 2261 2204 2347 exercuerint,
2223 2258 2398 2357 quid
2423 2260 2551 2332 lit-

321 2378 516 2467 teriS,
562 2377 734 2473 quid
761 2376 1038 2449 theatro
1074 2374 1387 2449 attulerit
1416 2382 1537 2449 aut
1572 2374 1942 2449 abstulerit
1970 2400 2054 2450 ea
2087 2376 2551 2473 collegiorum

321 2494 699 2568 institutio.
753 2491 958 2578 Quod
1001 2516 1087 2566 ex
1123 2492 1291 2589 ipsis
1330 2491 1681 2566 artificum
1718 2494 2204 2567 monumentis
2242 2500 2310 2566 et
2345 2493 2553 2567 ludo-

319 2634 484 2684 rum
525 2608 784 2683 tabulis
813 2608 1264 2705 aliquatenus
1301 2610 1603 2706 perspici
1645 2615 1902 2708 potest.

420 2730 735 2814 Quarum
774 2726 1035 2799 artium
1070 2726 1457 2800 certamina
1484 2728 1863 2801 commissa
1902 2726 2193 2819 fuerint,
2240 2729 2446 2803 tertio
2485 2734 2556 2802 et

320 2845 635 2919 secundo
674 2849 835 2916 ante
876 2850 1155 2918 aetatem
1183 2851 1494 2918 nostram
1526 2845 1816 2936 saeculo,
1863 2847 2119 2919 docent
2155 2870 2256 2920 eae
2293 2846 2554 2920 tabulae

324 2985 500 3059 quas
528 2961 743 3060 paulo
775 2985 989 3060 supra
1021 2961 1403 3035 memoravi
1430 2987 1448 3049 ;
1485 2961 1874 3035 nonnullas
1902 2960 2220 3059 ejusdem
2247 2963 2550 3059 generiS,

321 3079 442 3153 sed
476 3086 677 3152 aetate
710 3080 1189 3152 Romanorum
1216 3079 1618 3174 inscriptaS,
1644 3081 1718 3152 in
1744 3079 1958 3152 aliam
1988 3089 2258 3175 partem
2284 3080 2552 3153 distuli.

420 3196 795 3270 Praecones
838 3204 905 3271 et
955 3195 1332 3287 tubicineS,
1376 3196 1500 3292 qui
1548 3196 1861 3292 primum
1899 3196 2138 3270 locum
2185 3196 2260 3268 in
2302 3195 2560 3269 tabulis

322 3311 645 3388 obtinere
689 3314 941 3404 solent,
996 3312 1311 3410 collegiis
1364 3313 1810 3387 scenicorum
1862 3336 2008 3386 non
2054 3310 2557 3386 adscribendos

323 3438 526 3528 putO,
570 3454 804 3528 neque
836 3431 1259 3527 cujusquam
1298 3429 1533 3502 adhuc
1564 3429 1639 3501 in
1668 3429 1820 3504 ullo
1859 3436 2326 3505 monumento
2358 3452 2558 3502 men-

324 3547 423 3620 tio
463 3552 742 3641 reperta
771 3551 894 3618 est.
937 3549 1016 3618 ln
1058 3543 1344 3618 Soteriis
1378 3543 1566 3617 ludis
1604 3547 1755 3642 qui,
1799 3546 1952 3618 sine
1989 3545 2396 3632 certamine,
2433 3567 2559 3641 per

271 3742 275 3744 ,
328 3685 558 3734 unum
600 3661 983 3758 collegium
1032 3659 1577 3757 peragebantur,
1621 3661 1867 3733 nullus
1898 3669 2000 3736 est
2044 3684 2276 3756 praeco
2325 3681 2560 3759 neque

326 3777 647 3852 tubicen.
711 3777 1040 3852 Ceterum
1092 3801 1340 3852 eorum
1399 3778 1769 3851 industriae
1808 3778 2043 3874 potius
2078 3777 2209 3850 fuit
2247 3776 2445 3851 locus
2483 3778 2557 3850 in

326 3894 754 3969 exercitibus
809 3901 879 3968 et
930 3896 1004 3966 in
1060 3894 1560 3985 concionibus,
1611 3902 1679 3967 et
1733 3893 2098 3990 probabile
2152 3900 2258 3966 est
2314 3917 2431 3968 eos
2485 3892 2560 3966 in

327 4010 631 4108 singulis
672 4010 1072 4084 civitatibus
1123 4001 1512 4086 ministerio
1560 4035 1687 4085 suo
1738 4010 1936 4108 fungi
1997 4010 2222 4114 solere
2277 4017 2343 4085 et
2393 4010 2561 4084 inde

326 4127 719 4227 aliquando
755 4128 841 4202 ad
872 4129 1259 4204 certamina
1297 4128 1581 4225 prodire
1629 4127 1654 4226 (
1665 4127 1760 4227 1).

418 4334 497 4418 (1)
546 4336 753 4407 Quum
784 4351 991 4416 praeco
1018 4339 1081 4394 et
1106 4332 1360 4395 tubicen
1384 4330 1571 4394 simul
1592 4332 2000 4394 nominentur
2023 4331 2092 4395 in
2107 4331 2326 4410 titulis,
2346 4331 2566 4397 leviter

335 4429 767 4494 emendandus
814 4428 973 4489 mihi
1012 4428 1261 4489 videtur
1306 4427 1413 4488 ille
1455 4427 1629 4488 locus
1676 4429 1930 4489 Senecae
1965 4450 1980 4489 ε
2015 4451 2040 4486 α
2073 4431 2310 4490 Praeter
2358 4429 2564 4508 ipsum

332 4527 652 4588 theatrum
681 4523 1251 4602 Neapolitanorum,
1287 4527 1358 4583 ut
1384 4522 1521 4594 scie,
1554 4523 2008 4583 transeundum
2036 4529 2146 4594 est,
2171 4525 2566 4586 Metronactis

334 4618 699 4698 petentibus
728 4616 1005 4680 domum.
1038 4615 1201 4679 Illud
1229 4615 1483 4697 quidem
1509 4614 1782 4680 farctum
1809 4621 1938 4693 est3
1969 4622 2031 4678 et
2057 4617 2302 4697 ingenti
2329 4618 2559 4688 studio,

2213 4733 2252 4792 ὅ
