3392 5500
1877 524 2193 585 ...50-

913 677 1078 729 rum
1117 656 1567 731 sacerdotum
1605 654 1808 729 sedes
1851 654 2035 753 (vide
2076 681 2145 753 p.
2185 660 2333 752 97).
2387 658 2466 729 ln
2511 656 2808 729 Larissae
2837 652 3146 740 theatro,

910 779 1139 847 certos
1186 795 1455 846 cuneos
1508 771 1902 847 artificibus
1938 779 2324 847 reservatos
2361 772 2574 846 fuisse
2621 771 2984 846 declarant
3024 771 3152 845 lit-

910 897 1079 963 terae
1106 888 1442 987 gradibus
1473 888 1643 985 ipsis
1671 888 1964 962 inaratae
2003 898 2129 969 τοῖς
2169 891 2480 985 τεχνίταις
2521 886 2654 987 (1).

1000 1006 1335 1080 Privatim
1378 1028 1665 1102 quoque
1690 1006 1996 1079 artifices
2023 1007 2385 1079 civitatum
2417 1007 2715 1102 gratiam
2747 1004 2880 1079 sibi
2911 1006 3151 1079 conci-

905 1124 1276 1198 liaverunt.
1311 1123 1685 1197 Neminem
1718 1123 1911 1196 enim
1959 1119 2240 1197 facilius
2278 1146 2495 1219 quam
2543 1123 2683 1196 hoc
2717 1144 2943 1219 genus
2975 1123 3153 1196 civi-

904 1244 1044 1312 tate
1096 1237 1396 1335 aliisque
1454 1239 1772 1335 praemiis
1829 1239 2216 1313 donarunt.
2270 1239 2825 1327 Aristodemum,
2885 1262 3150 1335 genere

902 1356 1493 1452 Metapontinum,
1521 1354 1726 1429 bisin
1751 1355 2030 1429 Lenaeis
2050 1356 2420 1445 victorem,
2448 1354 2714 1428 factum
2737 1378 2887 1428 esse
2913 1356 3150 1428 Athe-

902 1472 1225 1545 niensem
1280 1471 1547 1545 scimus
1592 1480 1661 1545 et
1707 1470 2134 1546 muneribus
2171 1470 2478 1568 publicis
2519 1472 2630 1544 vel
2683 1469 3192 1568 amplissimis

901 1588 1230 1662 functum
1270 1588 1457 1687 (vide
1496 1613 1568 1685 p.
1607 1594 1754 1677 82).
1795 1590 2177 1663 Cratonem
2221 1610 2508 1685 quoque
2547 1587 3138 1675 Chalcedonium,

901 1702 1268 1777 tibicinem
1307 1704 1686 1801 cyclicum,
1727 1704 2148 1801 Pergameni
2191 1705 2412 1777 civem
2449 1727 2657 1776 suum
2703 1725 2854 1777 esse
2897 1704 3146 1778 volue-

900 1827 1095 1893 runt.
1135 1819 1491 1894 Eumdem
1523 1822 1758 1894 virum
1797 1819 2082 1917 ephebi,
2118 1826 2455 1917 praetores
2482 1826 2552 1894 et
2591 1818 2898 1916 populus
2937 1819 3143 1892 Teio—

902 1960 1062 2009 rum
1096 1936 1323 2010 tribus
1351 1938 1635 2011 coronis
1666 1944 2101 2011 ornaverunt
2123 1935 2255 2034 (2).
2281 1936 2476 2010 Alios
2508 1942 2852 2031 praeterea
2875 1934 3141 2009 multos

898 2051 974 2123 in
1004 2052 1161 2125 aliis
1186 2053 1582 2128 civitatibus
1611 2052 2032 2150 adscriptOS,
2077 2060 2149 2127 et
2180 2051 2535 2149 vulgatam
2572 2052 2786 2126 fuisse
2823 2074 2983 2126 eam
3017 2052 3139 2129 fa-

899 2166 1240 2241 cilitatem
1281 2174 1577 2243 testatur
1615 2169 1886 2258 Cicero,
1923 2169 2304 2243 artificium
2336 2168 2630 2265 quidem
2661 2190 2914 2241 eorum
2943 2174 3132 2243 exte-

898 2308 1127 2359 nuans
1163 2293 1244 2358 ut
1278 2286 1564 2359 Archiae
1594 2285 1879 2360 clientis
1907 2288 2014 2359 sui
2050 2286 2593 2359 :estimationem
2627 2295 2905 2382 augeat.
2955 2313 2990 2353 «
3013 2288 3132 2357 Et·

894 2401 1089 2475 enim
1126 2427 1351 2498 quum
1388 2403 1871 2478 mediocribus
1911 2404 2157 2477 multis
2199 2412 2268 2477 et
2314 2409 2434 2477 aut
2473 2402 2676 2476 nulla
2713 2411 2836 2477 aut
2874 2402 3134 2476 humili

893 2518 1133 2614 aliqua
1160 2526 1307 2593 arte
1335 2519 1652 2616 praeditis
1676 2522 1981 2619 gratuito
2007 2520 2358 2595 civitatem
2398 2520 2473 2592 in
2503 2520 2775 2594 Graecia
2803 2520 3131 2594 homines

878 2634 1420 2731 impertiebant,
1471 2637 1827 2733 Rheginos
1864 2639 2077 2712 credo
2117 2644 2239 2712 aut
2278 2641 2662 2712 Locrenses
2700 2645 2823 2711 aut
2857 2642 3131 2733 Neapo-

890 2747 1150 2824 litanos
1170 2760 1294 2825 aut
1318 2755 1764 2844 TarentinOS,
1791 2754 1980 2852 quod
1993 2757 2267 2829 scenicis
2293 2756 2668 2854 artificibus
2697 2755 2944 2854 laryz'rz'
2958 2754 3128 2828 sole-

892 2866 1081 2954 bant,
1108 2865 1181 2939 id
1208 2868 1379 2943 huic
1400 2893 1677 2943 summa
1708 2872 1977 2968 ingenii
2008 2871 2305 2968 praedito
2325 2870 2554 2968 gloria
2575 2871 2889 2946 noluisse
2913 2871 3044 2970 (3).
3079 2901 3111 2938 ν)

887 2985 1163 3056 Statuas
1213 2985 1427 3058 etiam
1488 2986 1888 3061 artificibus
1933 2987 2220 3084 publice
2257 2994 2378 3062 aut
2419 2989 2494 3061 in
2537 2988 2838 3064 urbibus
2878 2996 3002 3062 aut
3047 2989 3122 3061 in

886 3098 1169 3196 templis
1220 3102 1482 3197 positas
1532 3112 2101 3179 commemorant
2157 3127 2383 3203 quum
2430 3107 2648 3180 ceteri
2701 3106 3114 3201 scriptoreS,

887 3221 1043 3287 tum
1082 3217 1389 3292 maxime
1427 3219 1817 3296 Pausanias
1854 3229 1922 3296 et
1956 3223 2366 3295 Athenaeus,
2402 3225 2631 3308 Quam
2672 3221 2968 3319 gratiam
3007 3245 3118 3296 ar-

884 3331 1155 3424 tificum
1198 3337 1422 3432 magis
1463 3342 1677 3433 atque
1718 3340 1941 3435 magis
1991 3347 2420 3414 crescentem
2461 3364 2500 3412 e
2535 3337 2761 3412 titulis
2803 3338 3117 3435 impera—

887 3450 1084 3523 toriae
1116 3451 1343 3525 aetatis
1371 3451 1612 3525 minus
1640 3455 1942 3550 cognitis
1972 3454 2228 3529 melius
2258 3453 2742 3528 ostendemus,

880 3819 885 3826 Ι
961 3733 1047 3813 (1)
1090 3734 1340 3814 Ussing,
1370 3732 1776 3817 Inscriptiones
1806 3736 2058 3816 ineditos,
2091 3739 2190 3801 15.

964 3826 1049 3906 (2)
1091 3827 1329 3905 Cicer0,
1351 3848 1466 3909 pro
1493 3829 1717 3891 Archia
1739 3841 1934 3911 poeta,
1966 3835 2028 3894 5.

963 3920 1041 4000 (3)
1085 3921 1166 3983 Le
1190 3924 1309 3984 Bas
1338 3930 1402 3984 et
1428 3924 1879 4004 Waddington,
1906 3925 2096 3988 Inscr.
2121 3919 2641 4002 &Asis-Mineure,
2677 3927 2855 3988 1558.
