3392 5500
1282 549 1602 611 ..91-

322 690 514 788 Sylla
551 691 724 761 tunc
763 683 1204 757 destructum
1235 681 1452 755 fuisse
1495 680 1887 756 admodum
1926 678 2392 778 probabiliter
2431 678 2560 753 de-

326 810 798 884 monstratum
831 806 935 873 est
959 799 1087 895 (1).

420 924 567 999 Sed
598 920 904 996 breviter
940 917 1223 991 transiit
1252 916 1555 1014 Syllanae
1586 914 1916 988 vindictae
1947 913 2284 1012 procella,
2326 937 2560 1012 neque

323 1045 473 1140 ipse
524 1039 749 1111 victor
801 1036 1251 1109 scenicorum
1293 1034 1561 1131 generi,
1612 1033 1737 1107 sed
1793 1032 1918 1105 uni
1978 1032 2210 1106 Attico
2257 1032 2558 1129 collegio

322 1158 672 1232 infensus.
724 1158 1017 1249 Nempe,
1052 1151 1289 1225 fractis
1328 1150 1755 1224 Mithridatis
1785 1146 2116 1239 ducibuS,
2148 1148 2360 1223 ludos
2399 1172 2561 1222 sce-

327 1276 529 1349 nicos
554 1272 815 1346 Thebis
856 1269 1077 1343 edidit
1112 1267 1232 1368 (2).
1270 1269 1701 1364 Plerumque
1729 1266 2071 1341 benevole
2110 1274 2180 1341 et
2225 1291 2310 1341 ex
2344 1268 2560 1341 insti-

324 1393 494 1466 tutis
529 1389 775 1487 graecis
806 1388 1109 1460 Romani
1146 1386 1607 1482 imperatores
1650 1407 1818 1481 erga
1869 1384 2184 1458 scenicos
2223 1407 2372 1458 sese
2410 1407 2565 1481 ges-

327 1516 597 1582 serunt.
661 1503 1003 1601 Exemplo
1052 1509 1155 1575 est
1211 1502 1510 1591 BrutuS,
1563 1502 1713 1599 qui,
1782 1524 2010 1597 quum
2053 1509 2316 1597 praetor
2357 1501 2566 1574 ludos

330 1646 549 1721 quam
590 1620 1203 1718 splendidissimos
1236 1619 1447 1691 edere
1485 1623 1800 1713 cuperet,
1843 1618 1992 1712 ipse
2041 1641 2112 1690 se
2158 1618 2558 1713 Neapolim,

327 1740 453 1814 ubi
516 1738 811 1836 plurimi
863 1736 1165 1809 artifices
1230 1733 1717 1821 versabantur,
1784 1731 2127 1821 contulit3
2193 1756 2563 1831 quumque

331 1880 515 1930 unus
556 1878 641 1929 ex
676 1855 763 1925 iis
807 1858 1229 1943 moraretur,
1260 1852 1537 1948 scripsit
1575 1848 1663 1922 ad
1694 1850 1960 1922 amicos
1999 1850 2123 1946 qui
2164 1850 2228 1924 ei
2268 1858 2340 1923 ut
2371 1849 2566 1922 ludis

328 1975 600 2048 adesset
651 1969 1186 2067 persuaderent,
1254 1991 1488 2065 neque
1550 1968 1747 2039 enim
1811 1965 2064 2052 decere
2119 1990 2559 2064 quemquam

333 2093 659 2163 Graecum
700 2087 1069 2160 hominem
1117 2085 1273 2182 cogi
1310 2084 1443 2185 (3).
1482 2088 1752 2157 Rursus
1795 2083 2057 2156 scenici
2099 2084 2288 2157 circa
2316 2090 2568 2180 poten-

334 2216 460 2295 teS,
501 2227 809 2302 quorum
840 2204 1136 2301 gratiam
1174 2208 1298 2275 aut
1328 2224 1625 2275 munera
1665 2199 2116 2298 appetebant,
2157 2200 2569 2297 frequentes

332 2331 569 2412 erant;
619 2318 952 2395 nonnulli
991 2320 1314 2416 privatim
1359 2319 1434 2391 in
1479 2318 1772 2391 Antonii
1821 2315 2374 2389 familiaritatem
2427 2316 2566 2389 ad-

335 2440 560 2526 missi,
608 2437 921 2511 universi
965 2437 1053 2509 ad
1086 2442 1343 2508 nutum
1372 2436 1552 2531 ejuS,
1598 2440 1754 2530 post
1802 2432 2197 2505 infaustum
2236 2431 2570 2505 adversus

335 2558 633 2633 Parthos
694 2554 992 2641 bellum,
1055 2556 1347 2627 Samum
1386 2550 1923 2640 confluxerunt,
1979 2548 2185 2624 nullo
2254 2573 2573 2623 commu-

334 2677 538 2749 nium
571 2672 925 2746 malorum
961 2676 1309 2767 respectu.
1380 2698 1410 2735 «
1449 2671 1685 2756 Quum
1735 2667 1922 2740 circa
1962 2691 2212 2740 omnes
2255 2668 2574 2766 regiones

334 2792 649 2867 luctibus
707 2801 775 2863 et
821 2787 1202 2886 gemitibus
1250 2786 1730 2883 replerentur,
1788 2810 1932 2859 una
1979 2786 2136 2859 haec
2179 2786 2412 2859 insula
2449 2811 2577 2883 per

338 2910 580 3009 plures
620 2907 769 2980 dies
824 2906 1161 2979 tibiarum
1226 2912 1294 2978 et
1350 2903 1605 2977 fidium
1648 2909 1998 2977 concentu
2057 2903 2571 3000 perstrepebat,

336 3026 628 3123 repletis
656 3023 950 3097 theatris
982 3030 1048 3095 et
1079 3021 1317 3096 choris
1356 3019 1793 3093 certantibus
1821 3017 1954 3118 (4).
1991 3049 2021 3087 »

438 3146 519 3215 ln
576 3140 715 3213 hoc
774 3146 1015 3211 tamen
1080 3137 1527 3211 scenicorum
1574 3159 1973 3233 graecorum
2048 3134 2239 3232 apud
2300 3135 2578 3210 nobiles

342 3259 521 3330 viros
541 3255 802 3342 favore,
825 3255 1154 3328 nondum
1178 3254 1428 3327 eadem
1466 3254 1710 3351 opinio
1743 3252 1830 3326 ad
1856 3277 2105 3329 omnes
2134 3262 2570 3353 pervenerat,

339 3381 406 3446 et
461 3393 744 3446 necesse
801 3371 935 3443 fuit
983 3369 1447 3467 scriptoribus
1502 3369 1881 3467 plerosque
1918 3370 2306 3467 legentium
2335 3372 2580 3446 admo-

340 3513 512 3564 nere
550 3494 897 3586 quantum
929 3487 1359 3561 discriminis
1398 3488 1577 3560 foret
1617 3487 1807 3559 inter
1847 3510 2110 3583 graecos
2157 3488 2463 3562 artifices
2512 3495 2582 3562 et

342 3607 599 3680 latinos
637 3605 1045 3678 histriones.
1106 3603 1205 3676 lta
1253 3605 1489 3676 Livius
1548 3629 1564 3676 ε
1629 3633 1663 3668 α
1713 3608 1884 3676 Rem
1932 3605 2247 3679 Aristoni
2293 3604 2578 3678 cuidam

344 3723 609 3818 tragico
666 3721 917 3809 actori,
980 3721 1093 3793 cui
1148 3734 1217 3793 et
1268 3718 1408 3792 alia
1470 3742 1731 3793 arcana
1775 3721 2221 3795 committere
2254 3723 2586 3795 adsuerat

348 3841 623 3913 incaute
667 3838 889 3934 aperit
936 3835 1583 3936 (Andranodorus).
1634 3837 1820 3910 Huic
1847 3843 1914 3910 et
1947 3861 2171 3934 genus
2201 3851 2268 3912 et
2296 3839 2584 3914 fortuna

346 3956 646 4029 honesta
685 3965 921 4041 erant;
959 3975 1090 4026 nec
1134 3976 1268 4042 arS,
1306 3954 1476 4050 quia
1512 3953 1696 4026 nihil
1737 3952 1877 4028 tale
1909 3954 2100 4050 apud
2135 3957 2417 4029 Graecos
2446 3981 2585 4053 pu-

349 4073 499 4146 dori
556 4087 685 4162 est,
748 4095 830 4144 ea
889 4069 1331 4144 deformabat
1390 4067 1514 4168 (5).
1580 4099 1611 4137 »
1680 4069 1891 4144 Haud
1947 4071 2156 4146 aliter
2213 4073 2587 4148 Cornelius

426 4287 511 4368 (1)
552 4289 651 4348 Fr.
680 4287 1083 4363 Lenormant,
1117 4283 1473 4347 Recherclzes
1499 4283 1537 4345 ἀ
1568 4267 1835 4362 Eleusis,
1864 4303 1929 4366 p.
1962 4288 2077 4347 117
2106 4293 2169 4349 et
2200 4306 2330 4368 seq.

432 4381 514 4461 (2)
555 4380 889 4454 Plutarch„
915 4380 1104 4460 Sylla,
1142 4383 1236 4443 19.

429 4475 507 4554 (3)
550 4474 895 4552 Plutarch„
925 4474 1135 4551 Brut„
1158 4479 1258 4536 21.
1282 4507 1362 4520 —
1383 4472 1471 4556 (4)
1499 4475 1838 4552 Plutarch,
1868 4476 2107 4552 Anton„
2138 4477 2236 4536 56.

429 4566 515 4650 (5)
554 4569 792 4646 Livius,
824 4570 1104 4646 XXXIV,
1136 4571 1235 4631 24.
