3392 5500
1258 531 1572 590 ...Π-.-

309 658 589 734 dicendi
619 659 940 751 facultaS,
970 686 1099 760 pro
1115 662 1276 760 jure
1307 687 1436 738 suo
1457 663 1879 737 sententiam
1904 662 2319 758 protulerat,
2354 661 2539 736 fere-

309 773 572 849 bantur
600 777 958 875 suffragia,
1006 780 1158 854 sine
1195 778 1459 877 quibus
1494 779 1678 852 nihil
1718 786 1953 855 ratum
1992 802 2145 854 esse
2179 779 2435 876 potuit.

409 893 694 965 Etenim
731 893 868 982 lex,
913 895 1331 993 priusquam
1369 897 1660 994 vigeret,
1701 895 1948 993 populi
1987 896 2163 969 scito
2200 902 2351 969 erat
2380 919 2547 968 san-

314 1007 571 1082 cienda
606 1009 739 1106 (1).

407 1125 480 1196 Si
525 1125 698 1220 quid
745 1128 1009 1224 negotii
1053 1150 1220 1202 cum
1265 1128 1572 1202 externis
1611 1125 1908 1232 collegio
1959 1126 2367 1218 incidisset,
2408 1128 2549 1200 sive

316 1247 398 1313 ut
433 1248 723 1371 pactum
762 1243 966 1317 fieret
1014 1245 1103 1318 dc
1151 1245 1516 1320 mittendis
1567 1243 1659 1318 ad
1706 1242 1880 1317 festa
1930 1242 2203 1341 agenda
2257 1243 2554 1318 artifici-

317 1354 455 1429 bus
482 1357 610 1452 (2),
646 1357 789 1432 sive
820 1366 901 1432 ut
927 1361 1094 1456 jura
1146 1383 1272 1434 sua
1319 1358 1513 1456 apud
1551 1358 2089 1456 Amphictiones
2127 1365 2451 1434 tueretur
2488 1365 2556 1434 et

317 1495 567 1546 eorum
604 1475 1020 1570 praesidium
1061 1475 1195 1549 sibi
1230 1477 1620 1550 vindicaret
1660 1475 1795 1571 (3),
1843 1475 2204 1550 ferebatur
2250 1477 2328 1548 in
2378 1499 2558 1550 con-

319 1588 528 1662 cione
576 1586 944 1663 decretum
994 1614 1138 1688 quo
1177 1591 1624 1666 conditiones
1669 1591 1857 1688 pacti
1913 1597 2035 1666 aut
2091 1615 2203 1666 res
2231 1590 2561 1689 petendae

321 1704 834 1795 definirentur3
889 1707 1125 1804 legati,
1189 1714 1261 1781 et
1306 1707 1357 1780 ii
1396 1707 1690 1805 quidem
1748 1731 1834 1781 ex
1874 1708 2231 1783 artificum
2270 1730 2567 1804 corpore

321 1819 676 1918 suffragiis
715 1821 1084 1920 designati,
1122 1822 1306 1896 nihil
1340 1821 1540 1897 aliud
1577 1846 1795 1920 quam
1837 1822 2084 1921 populi
2133 1823 2391 1915 scitum
2436 1821 2567 1895 de-

323 1936 646 2011 ferebant
674 1944 744 2011 et
770 1937 1000 2012 verbis
1037 1938 1450 2012 tuebantur.
2226 2001 2229 2003 Α

283 2049 296 2058 ”
423 2057 526 2126 De
571 2055 939 2129 communi
982 2055 1266 2142 aerariO,
1297 2062 1378 2128 ut
1413 2079 1543 2152 par
1583 2062 1733 2128 erat
1757 2114 1775 2146 ,
1815 2077 2197 2129 commune
2235 2055 2561 2129 omnium

325 2170 738 2246 consilium.
783 2173 1162 2268 Postquam
1212 2179 1522 2268 quaestor
1569 2193 1821 2246 eorum
1864 2173 2162 2246 nomina
2215 2194 2257 2246 a
2300 2168 2566 2269 quibus

325 2287 650 2385 pecuniae
698 2294 901 2361 crant
939 2288 1344 2385 repetenda}
1384 2286 1814 2384 protulerat,
1848 2287 2203 2361 artificum
2235 2293 2386 2362 erat
2430 2292 2567 2360 sta-

251 2479 256 2482 .
325 2410 528 2479 tuere
593 2415 833 2478 utrum
909 2404 1146 2479 debita
1196 2405 1637 2478 remitterent
1685 2427 1779 2477 an
1821 2405 1985 2500 jure
2039 2427 2569 2501 persequeren-

330 2527 448 2594 tur
479 2517 610 2618 (4).
658 2520 864 2594 Haud
896 2519 1033 2594 alia
1074 2521 1374 2607 ratione,
1413 2518 1676 2616 siquid
1724 2525 1875 2593 erat
1922 2519 2423 2618 aedificandum
2449 2578 2466 2610 ,
2510 2521 2568 2593 si

330 2636 509 2733 quid
538 2635 626 2708 ad
665 2633 966 2711 deorum
1010 2635 1287 2709 cultum
1317 2641 1440 2708 aut
1468 2634 1924 2732 splendorem
1963 2633 2243 2731 collegii
2273 2657 2568 2731 compa-

329 2754 668 2841 randum,
703 2752 1035 2849 expositis
1081 2775 1208 2849 per
1243 2752 1739 2849 magistratum
1779 2750 2218 2843 rationibuS‚
2255 2752 2567 2849 populus

332 2870 761 2944 sententiam
792 2868 1059 2943 ferebat
1090 2866 1221 2968 (5).

435 2986 646 3083 Apud
691 2984 1022 3060 eumdem
1068 2985 1283 3059 etiam
1341 3008 1710 3059 sacrorum
1768 2990 2103 3081 potestaS‚
2148 3007 2375 3081 quum
2422 3006 2568 3057 non

333 3104 474 3177 nisi
515 3102 813 3199 populi
787 3125 1018 3199 Jussu,
1054 3124 1237 3175 nova
1271 3124 1470 3176 sacra
1498 3102 2105 3175 constituerentur
2146 3106 2267 3175 aut
2304 3098 2573 3197 templa

331 3220 778 3317 erigerentur
807 3216 949 3349 (6).

441 3340 538 3409 De
577 3335 890 3432 praemiis
924 3356 1086 3408 vero
1118 3338 1190 3407 et
1226 3312 1622 3408 honoribus
1659 3333 1921 3464 quibus
1949 3332 2173 3431 gratia
2207 3331 2389 3408 bene
2419 3357 2575 3407 me-

338 3453 492 3526 ritis
527 3448 994 3539 referebatur,
1039 3456 1183 3525 tota
1219 3474 1332 3525 res
1360 3455 1513 3523 erat
1547 3450 1916 3522 concionis
1946 3456 2017 3522 et
2054 3448 2358 3523 decretis
2396 3472 2574 3547 age-

336 3568 551 3643 batur
581 3564 766 3665 (vide
795 3590 866 3663 p.
907 3565 1055 3666 25).

440 3682 631 3756 Illud
661 3689 898 3755 autem
935 3705 1081 3756 non
1113 3680 1412 3756 minoris
1448 3682 1846 3756 momenti:
1882 3680 2227 3779 suffragiis
2256 3680 2577 3779 designa-

344 3798 652 3875 bantur
634 3800 685 3872 1i
731 3798 1036 3894 quibus
1018 3822 1094 3872 ιιι
1134 3804 1459 3874 externas
1495 3799 1807 3873 civitates
1837 3799 1925 3873 ad
1956 3800 2262 3897 agendos
2299 3800 2577 3873 senicos

423 4050 510 4133 (l)
539 4049 765 4131 Corpus
790 4051 968 4109 inser.
993 4066 1116 4129 qr„
1147 4052 1329 4112 3069.

423 4144 512 4225 (2)
551 4146 638 4205 Le
671 4146 790 4204 Bas
820 4148 882 4204 et
906 4141 1355 4221 Waddington,
1380 4142 1568 4203 Inscr.
1598 4141 2110 4211 d'Asie-Mineure‚
2142 4144 2283 4205 281.

428 4240 508 4321 (3)
549 4230 814 4298 Decreta
841 4236 1381 4315 Amphictionum.

425 4334 510 4413 (4)
557 4334 849 4407 Foucart,
880 4330 1078 4391 Revue
1105 4328 1393 4406 arcke'ol„
1428 4331 1606 4401 1870,
1636 4336 1683 4391 t.
1716 4331 1793 4408 ΙΙ,
1826 4350 1888 4411 p.
1921 4334 2056 4409 107,
2080 4330 2125 4393 1.
2151 4335 2213 4393 9-
2217 4334 2314 4395 10

426 4424 515 4506 (5)
557 4424 796 4499 Ibidem,
828 4424 871 4483 l.
903 4426 1009 4484 13-
1015 4426 1112 4499 22,
1147 4427 1358 4485 26-28.

429 4518 516 4599 (6)
556 4520 660 4579 Fr.
693 4520 1089 4593 Lenormant,
1123 4516 1479 4579 Becherclzes
1508 4518 1546 4579 ἀ
1575 4518 1829 4592 Eleusis,
1861 4522 1961 4597 26,
1993 4520 2035 4583 1.
2072 4523 2139 4581 ’1-
2144 4523 2204 4598 9,
2239 4523 2334 4583 18.

2262 4616 2299 4674 2
