3392 5500
1813 543 2132 605 ...8⁸2—

854 682 1156 781 quaestio
1196 681 1466 772 fuisset,
1503 700 1961 777 nequaquam
1991 678 2099 753 vel
2137 700 2304 752 eum
2343 683 2488 751 tam
2534 680 2872 753 secundis
2907 682 3102 754 auri-

852 799 989 874 bus
1026 797 1136 871 vel
1179 820 1294 871 me
1333 803 1476 869 tam
1526 794 1836 869 adversis
1885 794 2350 869 audivissetis,
2393 796 2609 891 Atqui
2653 797 2792 870 hoc
2843 798 3098 871 saltem

850 939 971 990 vos
1008 938 1204 988 nunc
1242 914 1604 987 universos
1633 912 1933 986 sensisse
1964 910 2272 985 arbitror
2301 934 2467 985 eum
2507 917 2663 984 tum
2703 912 3098 1010 praedicare

851 1056 925 1107 se
971 1034 1063 1107 ad
1104 1033 1346 1105 hostes
1397 1029 1754 1126 proficisci
1803 1034 1908 1118 ut,
1955 1033 2198 1102 coacto
2248 1051 2390 1101 aere
2437 1027 2671 1103 alieno
2710 1031 2904 1126 quod
2957 1029 3098 1103 sibi

850 1148 999 1223 illic
1022 1148 1262 1223 deberi
1294 1146 1599 1234 dicebat,
1624 1146 1770 1219 huc
1791 1168 2112 1221 reversus
2141 1143 2434 1241 publica
2463 1168 2767 1220 munera
2794 1146 3092 1236 subiret,

849 1274 919 1338 et
957 1265 1083 1339 illa
1124 1265 1447 1339 oratione
1487 1263 1886 1360 plurimum
1937 1286 2148 1336 usum
2184 1285 2335 1337 esse
2377 1292 2413 1331 «
2449 1285 2668 1361 quam
2708 1265 3088 1362 indignum

849 1386 1031 1455 esset
1057 1404 1177 1456 eos
1214 1379 1533 1454 accusari
1559 1380 1682 1476 qui
1711 1402 1879 1477 opes
1917 1402 2094 1477 quas
2133 1377 2282 1452 illic
2311 1378 2660 1455 haherent
2690 1380 2834 1455 huc
2865 1387 3098 1455 trans-

852 1499 1119 1573 ferrent
1147 1523 1181 1565 »
1206 1523 1225 1585 3
1252 1519 1479 1593 quum
1514 1518 1682 1568 vero
1718 1517 1889 1591 pace
1917 1493 2102 1568 facta
2129 1495 2426 1592 impune
2458 1495 2680 1585 licuit,
2719 1522 2882 1595 quae
2908 1496 3102 1573 bona

851 1614 1225 1689 manifesta
1257 1613 1376 1686 hic
1408 1610 1748 1709 possedit,
1795 1634 1874 1685 ea
1907 1608 2302 1686 vendidisse
2329 1612 2758 1711 redactaque
2785 1616 3097 1711 pecunia

752 1718 758 1723 ’
850 1730 939 1804 ad
969 1730 1178 1803 illum
1209 1727 1464 1803 abiisse
1500 1726 1630 1825 (1).
1675 1756 1710 1795 »

951 1845 1450 1921 Demosthenis
1481 1843 1916 1918 accusationi
1947 1843 2163 1917 fidem
2197 1843 2365 1917 fecit
2398 1845 2549 1941 ipse
2580 1848 3101 1943 Neoptolemus

852 1964 977 2062 qui
1014 1964 1162 2062 jam
1215 1962 1291 2034 in
1340 1959 1755 2036 Macedonia
1807 1967 2148 2057 tanquam
2198 1960 2273 2032 in
2325 1963 2554 2057 patria
2595 1970 2916 2037 versatus
2963 1972 3095 2058 est,

854 2084 952 2155 ita
989 2080 1320 2155 amicitiae
1360 2078 1571 2175 regiae
1611 2077 1925 2151 adscitus
1965 2084 2044 2151 ut
2081 2078 2155 2149 in
2200 2076 2458 2152 ultimo
2491 2078 2801 2178 Philippi
2844 2082 3102 2156 convi-

853 2200 965 2273 vio
1012 2196 1349 2271 assederit
1395 2204 1464 2269 et
1512 2218 1632 2270 eos
1679 2218 1924 2269 versus
1961 2194 2301 2268 cecinerit
2336 2217 2540 2293 quOS,
2591 2196 2668 2268 in
2703 2200 3101 2294 perniciem

851 2316 1035 2413 regis
1072 2314 1453 2387 Persarum
1483 2311 1571 2386 ab
1612 2311 1951 2385 omnibus
1984 2317 2312 2407 acceptos
2337 2367 2355 2399 ,
2402 2312 2476 2384 in
2526 2313 2759 2409 ipsum
2815 2315 3097 2413 Philip-

851 2456 1027 2530 pum
1064 2431 1352 2505 fortuna
1392 2429 1738 2503 convertit
1774 2426 1906 2526 (2).

949 2552 1095 2622 Nec
1142 2546 1383 2619 minus
1438 2545 1925 2618 Aristodemus
1968 2541 2376 2640 praedicavit
2417 2549 2487 2617 et
2534 2545 2610 2618 in
2658 2547 2861 2619 curia
2902 2552 2975 2619 et
3022 2548 3097 2619 in

856 2665 1203 2739 concione
1244 2662 1560 2759 Philippi
1599 2660 1864 2735 bonam
1902 2659 2341 2734 voluntatem
2372 2683 2538 2759 erga
2565 2663 3042 2737 Athenienses
3071 2689 3090 2752 3

857 2781 1114 2878 adjecit
1158 2781 1373 2854 etiam
1425 2802 1666 2877 regem
1712 2802 1878 2852 cum
1919 2777 2294 2875 republica
2343 2780 2747 2852 societatem
2790 2781 3095 2877 jungere

857 2898 1065 2972 velle.
1106 2902 1375 2972 Auctor
1423 2904 1527 2971 est
1570 2896 1942 2969 AEschines
1991 2895 2549 2970 Demosthenem
2586 2917 2872 2970 coronae
2924 2897 3096 2969 huic

862 3014 1331 3091 decernendae
1363 3020 1731 3088 auctorem
1768 3012 1984 3086 fuisse
2013 3039 2031 3100 3
2068 3014 2404 3086 eumdem
2436 3014 2902 3087 vehementer
2935 3037 3103 3087 con-

862 3132 1175 3208 tendisse
1230 3130 1420 3229 apud
1481 3129 1831 3227 populum
1901 3135 1982 3201 ut
2033 3127 2526 3222 Aristodemus
2577 3131 2652 3202 in
2708 3129 3104 3228 legatorum

865 3273 1249 3325 numerum
1308 3253 1759 3343 cooptaretur
1827 3243 1956 3344 (3).
2013 3244 2097 3316 In
2148 3268 2291 3342 quo
2341 3251 2486 3319 tam
2530 3269 2788 3343 parum
2847 3247 3109 3321 vidisse

866 3367 1426 3465 Demosthenem
1467 3387 1613 3438 non
1666 3361 2051 3436 verisimile
2087 3360 2366 3435 videtur
2394 3421 2410 3453 ‚
2474 3364 2598 3459 qui
2638 3364 3107 3461 Neoptolemo

868 3486 1117 3560 eadem
1164 3484 1347 3580 regis
1407 3480 1742 3553 mandata
1795 3480 2284 3576 promissaque
2336 3479 2662 3553 afferenti
2725 3488 2919 3557 tanta
2972 3506 3107 3579 ope

868 3600 1274 3675 adversatus
1302 3598 1412 3670 sit.
1456 3595 1526 3669 Si
1558 3600 1798 3667 tamen
1828 3593 2004 3667 fides
2049 3592 2369 3665 AEschini
2403 3593 2738 3670 habenda
2773 3604 2906 3688 est,
2953 3621 3107 3672 cre-

870 3717 1175 3792 diderim
1234 3707 1786 3788 Demosthenem
1837 3733 2035 3806 spem
2085 3710 2322 3784 forsan
2366 3711 2701 3787 habuisse
2751 3714 3109 3788 Aristode-

873 3857 1073 3908 mum
1106 3831 1499 3906 honoribus
1525 3828 1826 3903 decretis
1853 3827 1943 3900 ad
1973 3825 2271 3900 meliora
2300 3828 2702 3918 revocandi,
2729 3837 2852 3904 aut
2880 3853 3107 3926 quum

872 3951 1220 4049 populum
1258 3949 1348 4022 ad
1385 3946 1557 4020 belli
1591 3943 1870 4018 labores
1911 3943 2310 4040 segniorem
2355 3945 2536 4019 nihil
2585 3947 2888 4043 graviter
2917 3953 3107 4020 actu-

873 4092 1037 4142 rum
1076 4067 1392 4155 sentiret,
1437 4085 1687 4160 pacem
1729 4061 2028 4157 experiri
2067 4060 2370 4136 voluisse
2403 4069 2472 4136 et
2509 4061 2928 4160 Philippum
2966 4064 3110 4136 suis

870 4186 1110 4282 ipsum
1160 4183 1344 4257 dolis
1393 4181 1669 4253 irretire
1724 4201 1980 4274 quum,
2025 4177 2165 4252 icto
2214 4178 2504 4270 foedere,
2554 4181 2704 4278 jam
2751 4178 2839 4254 ab
2888 4182 3108 4254 Athe-

876 4302 1236 4378 niensium
1277 4299 1485 4373 sociis
1528 4293 2036 4370 Macedonibus
2082 4293 2586 4371 abstinendum
2632 4297 2839 4372 foret.
2889 4301 3105 4394 Spem

960 4473 1043 4554 (1)
1087 4472 1175 4534 De
1193 4489 1362 4551 pace,
1394 4470 1451 4530 6.
1476 4499 1554 4512 --
1583 4467 1661 4543 (2)
1690 4463 2018 4541 Diodorus,
2056 4467 2216 4542 XVI,
2254 4471 2354 4530 92.

924 4567 1041 4648 ·(3)
1082 4566 1387 4652 AEschin.‚
1422 4561 1508 4624 De
1528 4558 1681 4622 male
1705 4565 1865 4638 qesta
1885 4557 2187 4638 leqatione,
2220 4565 2431 4626 15-16.
