3392 5500
1761 515 2079 576 ...go-.-

685 630 695 651 ⁶
811 650 1131 748 plerique
1180 670 1341 721 vero
1384 648 1595 744 regiae
1646 649 1970 745 pecuniae
2003 658 2070 723 et
2103 647 2362 746 praedae
2403 672 2443 721 e
2480 651 2726 721 Graeca
2766 646 3046 720 civitate

810 772 1027 862 partae
1071 764 1491 861 contagione
1520 763 1789 853 infecti,
1831 766 2140 862 Philippi
2178 764 2476 838 consilia
2506 764 2704 837 omni
2734 785 2868 859 ope
2907 761 3049 835 ad-

800 884 1167 977 juverunt.

804 1038 839 1055 ·-
909 1000 1274 1085 Ceterum,
1334 1018 1422 1068 ne
1466 996 1934 1070 hoccrimen
2001 996 2336 1070 adversus
2393 998 2710 1071 scenicos
2763 996 3046 1069 illatum

787 1121 1121 1210 ·vagetur‚
1156 1113 1277 1187 sed
1314 1114 1523 1185 certis
1557 1112 1757 1186 factis
1796 1120 1865 1186 et
1908 1113 2347 1210 temporibus
2386 1120 2687 1203 constet,
2720 1136 2833 1188 res
2861 1114 3048 1209 ipsas

809 1236 1122 1326 repetam
1158 1251 1241 1302 ex
1278 1229 1543 1325 quibus
1580 1231 2037 1326 perspicuum
2069 1229 2151 1302 fit
2184 1253 2402 1327 quam
2441 1230 2692 1303 utilem
2725 1230 2872 1325 regi
2901 1232 3050 1303 Ma-

810 1346 1202 1434 cedonum,
1244 1370 1461 1443 quam
1503 1347 1906 1444 pestiferam
1947 1353 2359 1423 Graecorum
2398 1348 2706 1422 libertati
2757 1370 3044 1446 operam
3171 1378 3181 1387 ·

810 1462 1197 1537 attulerint.
1243 1466 1322 1546 In
1359 1464 1496 1537 hac
1540 1466 2256 1539 contentione¹nemo
2296 1472 2502 1561 neget
2543 1465 2731 1538 inter
2768 1469 3046 1559 captam

808 1580 1197 1676 Olynthum
1232 1578 1430 1678 (348)
1464 1587 1531 1654 et
1567 1580 1786 1654 finem
1819 1583 1997 1655 sacri
2017 1581 2191 1656 belli
2221 1582 2450 1655 unum
2476 1580 2690 1654 fuisse
2719 1603 3046 1654 momen·

811 1702 966 1769 tum
1013 1691 1155 1795 quo
1190 1694 1654 1770 Macedonum
1705 1698 1876 1793 regi,
1919 1696 2305 1770 metuendo
2352 1695 2644 1794 quidem
2678 1702 2748 1769 et
2781 1696 2858 1768 in
2898 1696 3047 1770 dies

811 1812 1182 1901 crescenti,
1217 1812 1542 1885 nondum
1584 1818 1822 1886 tamen
1849 1814 1946 1886 ita
1979 1812 2278 1886 firmatis
2315 1812 2572 1909 opibus
2604 1818 2682 1885 ut
2705 1812 2772 1884 vi
2806 1820 3047 1907 aperta

678 1940 683 1945 ’
811 1928 1046 2024 potius
1100 1950 1314 2024 quam
1366 1927 1531 2001 dolo
1588 1929 1886 2023 grassari
1944 1938 2214 2024 posset,
2265 1928 2733 2001 Athenienses
2780 1928 3048 2001 utiliter

812 2045 1164 2118 adversari
1231 2044 1649 2141 potuissent.
1708 2046 1846 2120 Sed
1908 2043 2258 2118 distractis
2309 2045 2570 2118 civium
2631 2046 3000 2119 sententiis
3021 2100 3042 2139 ,

812 2162 957 2245 alii,
992 2170 1063 2235 et
1101 2162 1152 2234 ii
1197 2162 1489 2258 quidem
1525 2162 1791 2258 populo
1831 2185 2071 2258 graves
2108 2164 2314 2259 cujus
2358 2162 2585 2236 otium
2635 2162 3040 2255 turbabant,

816 2277 1133 2374 Philippi
1164 2277 1460 2351 consilia
1490 2276 1683 2351 haud
1727 2277 1942 2353 dubie
1979 2280 2054 2351 in
2084 2279 2474 2376 perniciem
2515 2280 2808 2353 civitatis
2835 2303 3045 2375 erup-

811 2401 971 2467 tura
999 2402 1069 2467 et
1093 2394 1227 2490 ipsi
1253 2393 1583 2468 videbant
1622 2401 1689 2467 et
1715 2395 2266 2469 Atheniensibus
2294 2395 2666 2469 ostendere
2692 2395 3048 2470 conaban-

813 2519 931 2584 tur
954 2538 970 2599 ;
1016 2511 1136 2583 alii
1166 2518 1413 2585 contra
1443 2510 1720 2608 decepti
1750 2520 1868 2585 aut
1906 2512 2326 2610 proditoreS,
2377 2536 2626 2609 pacem
2659 2537 2826 2586 cum
2865 2514 3044 2585 Phi-

811 2629 1005 2723 lippo
1047 2629 1304 2701 tentari
1346 2652 1549 2723 posse
1595 2628 1981 2703 censebant
2014 2635 2080 2703 et
2120 2630 2317 2703 omni
2360 2652 2491 2726 ope
2532 2629 2620 2703 ad
2652 2629 3040 2704 concilian-

814 2744 978 2817 dam
1024 2745 1171 2840 regi
1232 2745 1782 2818 Atheniensium
1825 2745 2261 2819 voluntatem
2315 2744 2792 2820 enitebantur.
2848 2750 3038 2820 Inter

814 2869 1153 2956 utrosque
1192 2861 1577 2935 fluctuabat
1618 2863 1956 2959 populuS‚
2002 2886 2227 2959 quum
2267 2862 2438 2934 hinc
2479 2886 2793 2936 eversam
2825 2863 3042 2959 Olyn-

814 2977 1018 3050 thum
1046 2978 1539 3073 indignaretur
1563 2987 1634 3050 et
1666 2978 1933 3076 legatos
1967 2978 2052 3052 ad
2079 2980 2358 3052 Graecas
2384 2979 2696 3052 civitates
2719 2979 3048 3054 adversus

815 3118 1051 3190 regem
1100 3093 1609 3168 consociandas
1660 3097 2013 3185 mitteret,
2063 3095 2265 3168 illinc
2322 3095 2734 3193 interruptae
2792 3096 3048 3193 quietis

776 3233 1059 3282 ·rursus
1096 3215 1437 3306 appetens
1475 3216 1541 3283 et
1579 3210 1749 3283 belli
1777 3210 2232 3285 incommoda
2265 3209 2761 3300 reformidans,
2798 3236 3046 3307 pacem

812 3329 1189 3401 suadentes
1219 3326 1556 3400 libentius
1586 3329 1891 3401 audiret.

913 3449 993 3516 In
1033 3445 1169 3518 hoc
1223 3469 1462 3519 rerum
1507 3445 1833 3535 articu10‚
1879 3447 2036 3543 quis
2077 3447 2353 3521 dubitet
2389 3470 2508 3522 eos
2554 3448 2675 3545 qui
2719 3450 3050 3545 Philippo

814 3560 1149 3636 credendi
1196 3568 1268 3635 et
1296 3560 1651 3634 tentandae
1684 3563 1876 3658 pacis
1907 3570 2229 3636 auctores
2271 3563 2560 3651 fuerint,
2607 3589 2766 3638 vere
2814 3566 3049 3638 Athe-
3139 3627 3142 3630 .

815 3677 1175 3750 niensium
1200 3676 1596 3751 libertatem
1629 3679 2005 3751 evertisse?
2039 3679 2184 3752 Hos
2216 3693 2452 3753 autem
2487 3679 2680 3753 haud
2719 3679 3050 3775 ambigue

818 3779 1135 3888 designat
1172 3792 1690 3866 Demosthenes
1726 3818 1741 3866 :
1793 3797 2140 3894 «Legatos
2166 3793 2252 3866 de
2292 3815 2463 3889 pace
2505 3794 2594 3867 ad
2631 3793 3047 3888 Philippum

817 3905 1201 3981 mittendos
1231 3932 1380 3981 esse
1412 3909 1604 3983 vobis
1635 3915 2138 4006 persuaserunt
2161 3908 2670 3993 AristodemuS,
2723 3911 3048 4004 Neopto-

815 4026 1049 4098 lemus
1088 4034 1157 4098 et
1192 4026 1580 4122 Ctesiphon
1600 4033 1668 4100 et
1698 4027 1910 4100 ceteri
1945 4025 2126 4099 nihil
2164 4027 2316 4099 sani
2351 4050 2388 4100 e
2412 4025 2828 4099 Macedonia
2853 4050 3046 4098 nun-

818 4142 1071 4214 tiantes
1115 4138 1245 4240 (1)
1281 4170 1312 4209 »
1370 4140 1592 4234 Idem,
1638 4141 1771 4214 suh
1807 4143 2023 4214 finem
2069 4141 2406 4215 orationis
2454 4167 2470 4213 :
2531 4140 2770 4215 «Volo
2812 4148 3046 4214 autem

818 4257 1013 4332 vobis
1037 4258 1450 4330 summatim
1473 4274 1892 4354 percurrere
1920 4257 2179 4355 quibus
2204 4257 2476 4332 artibus
2496 4281 2618 4331 vos
2644 4256 3040 4354 Philippus,

898 4519 981 4606 (1)
1026 4520 1116 4584 De
1146 4519 1295 4584 male
1326 4529 1487 4604 qesta
1516 4520 1821 4603 leqatt'one,
1856 4523 1967 4599 123
2002 4522 2079 4586 cf.
2113 4525 2211 4585 94.
