3392 5500
1802 533 1879 550 ..
1922 499 2001 566 45
2042 533 2121 550 ..-

845 631 1248 733 politanum
1287 637 1626 712 exercitui
1665 625 2071 713 Cleomenis
2120 646 2590 712 occurerrunt
2634 657 2677 709 a
2737 655 2883 734 quo
2938 653 3085 708 non

843 753 1059 828 modo
1099 777 1247 828 non
1287 754 1511 828 vexati
1541 761 1734 842 sunt,
1778 756 1902 829 sed
1942 756 2153 828 etiam
2192 753 2363 850 ipsis
2403 754 2479 826 in
2518 751 2767 826 castris
2808 749 3083 826 editum

839 871 1331 967 spectaculum
1371 879 1439 944 et
1479 873 1839 968 proposita
1880 871 2269 946 victoribus
2316 869 2613 966 praemia
2660 867 2793 968 (1).
2852 871 3084 965 Supe-

841 985 1028 1058 riore
1100 985 1252 1082 jam
1323 986 1622 1074 saeculo,
1700 1007 1927 1084 quum
1987 993 2177 1062 terra
2248 987 2573 1085 marique
2640 984 3085 1060 decertarent

839 1099 1308 1176 Athenienses
1378 1108 1450 1177 et
1527 1101 1927 1200 Philippus,
2010 1102 2291 1177 duobus
2354 1101 2717 1178 actoribus
2775 1100 3029 1174 Atticis
3054 1158 3074 1188 ,

839 1213 1284 1292 Aristodemo
1319 1225 1390 1292 et
1427 1219 1918 1315 Neoptolemo,
1958 1219 2161 1294 nullo
2194 1217 2587 1308 obstaculo,
2634 1215 2839 1291 nullo
2878 1217 3081 1312 peri-

839 1330 1030 1421 culo,
1092 1334 1392 1407 Athenis
1452 1335 1671 1425 exire,
1730 1335 1815 1410 ad
1866 1357 2108 1432 regem
2159 1333 2589 1410 Macedoniae
2626 1333 3072 1422 adeundum,

839 1472 1034 1521 mare
1098 1449 1440 1524 infestum
1504 1449 1957 1547 praedonibus
2017 1452 2345 1540 transire,
2404 1458 2666 1528 terram
2740 1447 3077 1523 hostilem

837 1563 1111 1660 ingredi
1154 1588 1284 1662 per
1319 1588 1564 1640 omnes
1595 1565 1803 1640 licuit
1852 1567 1977 1666 (2).
2032 1571 2160 1658 lta,
2203 1566 2395 1664 quod
2430 1565 2943 1661 Aristophanes
2999 1563 3077 1636 in

836 1681 1218 1778 Dicaeopoli
1248 1705 1376 1757 suo
1413 1683 1643 1774 finxit,
1680 1691 1760 1756 ut
1784 1683 1979 1758 solus
2018 1684 2209 1758 inter
2236 1690 2545 1757 armatos
2582 1681 2865 1778 placida
2896 1703 3074 1777 pace

836 1795 1222 1884 frueretur,
1275 1798 1352 1871 id
1400 1819 1564 1871 vere
1611 1798 2006 1873 artificibus
2052 1799 2345 1896 contigit
2386 1806 2465 1872 ut
2505 1797 2823 1871 inviolati
2866 1796 3073 1870 nullo

833 1935 1225 2000 armorum,
1264 1913 1470 1987 nullo
1499 1913 1813 1987 militum
1839 1917 2205 2013 agentium
2248 1922 2317 1988 et
2368 1914 2801 1988 trahentium
2840 1919 3066 2003 metu,

833 2049 1078 2102 secure
1106 2051 1233 2125 per
1272 2028 1546 2103 medios
1575 2031 1925 2104 exercitus
1956 2039 2469 2121 commearent,
2518 2055 2667 2104 non
2694 2031 2969 2128 privato
3002 2036 3073 2104 et

832 2144 1023 2241 turpi
1063 2144 1357 2234 foedere,
1403 2151 1482 2220 ut
1517 2144 1662 2235 ille,
1718 2147 1843 2222 sed
1882 2149 2291 2224 communis
2318 2148 2433 2223 dei
2463 2148 2859 2224 ministerio
2896 2169 3071 2222 con-

827 2261 1108 2336 secrati.
1812 2339 1819 2348 ,

929 2379 1216 2452 Sanctio
1246 2384 1481 2454 autem
1515 2381 1817 2458 decretis
1847 2384 1993 2457 suis
2034 2383 2123 2458 ah
2166 2382 2795 2481 Amphictionihus
2828 2383 3070 2460 addite

843 2523 876 2561 «
913 2499 990 2567 ut
1029 2496 1096 2568 ei
1148 2496 1565 2594 quicunque
1615 2509 1867 2574 contra
1910 2500 2068 2574 haec
2120 2502 2517 2599 quidquam
2556 2507 2816 2598 ageret,
2888 2503 3067 2577 ratio

828 2608 1196 2684 reddenda
1257 2609 1438 2688 foret
1493 2615 1682 2712 apud
1740 2617 2367 2692 hieromnemones
2435 2641 2663 2716 quum
2714 2618 2851 2714 ipsi
2909 2626 3065 2692 tum

734 2735 765 2821 j
831 2725 990 2801 urbi
1028 2728 1100 2800 in
1145 2750 1289 2827 qua
1325 2730 1591 2828 injuria
1627 2733 1883 2808 artifici
1913 2734 2160 2809 fuisset
2198 2735 2396 2810 illata
2424 2735 2556 2835 (3).
2586 2768 2617 2807 »
2684 2739 2833 2811 Hac
2860 2762 3065 2814 sanc-

734 2895 741 2902 .
791 2843 1019 2916 ‘tione
1048 2844 1476 2944 plerumque
1515 2872 1642 2923 sua
1682 2848 2028 2927 beneficia
2076 2852 2677 2929 confirmaverunt
2706 2858 3063 2953 Amphic-

825 2960 1085 3053 tiones;
1119 2984 1338 3059 quam
1373 2964 1450 3036 in
1479 2962 1763 3041 decreto
1794 2976 2126 3065 utroque,
2159 2970 2417 3042 iisdem
2447 2970 2590 3046 fere
2622 2971 2853 3046 verbis
2883 2998 3061 3047 con-

729 3066 733 3071 ’
824 3083 1134 3173 ceptam,
1188 3084 1258 3153 et
1311 3080 1385 3151 in
1437 3081 1596 3154 aliis
1655 3084 1973 3178 reperire
2040 3096 2171 3175 est,
2231 3110 2491 3184 nempe
2546 3090 2623 3161 in
2670 3087 2797 3162 illo
2852 3089 3060 3164 titulo

823 3192 1061 3267 adhuc
1112 3194 1382 3269 inedito
1433 3219 1646 3293 quem
1699 3200 1873 3296 ipse,
1938 3200 2125 3276 sacta
2170 3204 2620 3278 excavatione
2669 3206 2747 3278 in
2814 3206 3059 3303 templi

823 3308 1149 3407 Delphici
1197 3312 1605 3405 ruderibuS,
1659 3324 2025 3413 repertum
2065 3343 2231 3392 cum
2288 3320 2447 3394 aliis
2500 3322 2867 3419 descripsi.
2923 3324 3057 3397 Ubi

821 3427 1388 3523 AmphictioneS,
1426 3453 1653 3528 quum
1679 3435 1893 3507 variis
1917 3435 2312 3510 honoribus
2340 3446 2413 3511 et
2436 3439 2819 3536 privilegiis
2850 3464 3055 3513 exor-

821 3550 994 3616 nent
1024 3544 1209 3620 viros
1246 3548 1506 3644 pietate
1543 3556 1609 3622 et
1641 3549 1879 3625 studio
1915 3552 1992 3623 in
2023 3552 2467 3629 vindicandis
2506 3556 2755 3652 templi
2798 3554 3058 3653 opibus

819 3665 891 3732 et
933 3667 1180 3735 contra
1217 3663 1524 3739 nefarios
1553 3686 1769 3739 ausus
1804 3670 2259 3765 protegendis
2291 3672 2624 3769 insigneS‚
2658 3672 3057 3748 decernunt

835 3802 867 3842 α
899 3782 968 3851 et
1023 3776 1213 3874 ipsos
1251 3787 1321 3853 et
1355 3788 1674 3876 posteros
1722 3806 1975 3857 eorum
2032 3785 2403 3863 inviolatos
2456 3812 2611 3863 esse
2665 3789 2931 3865 debere
2980 3798 3055 3865 et

818 3888 1011 3966 bello
1045 3901 1114 3967 et
1144 3915 1316 3990 pace
1345 3903 1417 3969 et
1445 3897 1699 3972 iisdem
1731 3900 2041 3996 gaudere
2082 3904 2345 3999 quibus
2380 3906 2596 3979 ceteri
2626 3906 2752 4002 qui
2788 3905 2881 3981 de
2918 3907 3054 3981 deo

817 4017 890 4084 et
941 4009 1030 4085 de
1078 4000 1706 4108 Amphictionibus
1769 4018 1953 4093 bene
2006 4022 2239 4094 meriti
2307 4022 2486 4113 sint3
2558 4024 2615 4095 si
2675 4023 2838 4120 quis
2886 4045 3051 4097 vero

895 4223 982 4307 (1)
1026 4225 1371 4300 Plutarch„
1410 4228 1723 4306 clemen„
1761 4233 1859 4294 12.

897 4318 985 4401 (2)
1026 4321 1372 4396 Demosth„
1405 4323 1496 4385 De
1519 4343 1664 4405 pace
1689 4329 1760 4401 ὃς
1794 4327 1885 4388 De
1913 4324 2062 4389 male
2084 4335 2247 4409 qesta
2285 4327 2589 4411 leychene,
2635 4334 2789 4411 3153
2832 4332 2907 4395 cf.
2940 4350 3049 4395 ar·—

815 4420 1210 4491 gumentum.

898 4509 978 4587 (3)
1023 4511 1285 4573 Decreta
1311 4512 1846 4593 Amphictionum,
1874 4514 1914 4577 1.
1944 4520 2126 4582 ’ΞΟ-25
2146 4538 2167 4596 ς
2196 4522 2408 4584 85-87ι
