3392 5500
1720 488 1999 546 ...8.-

744 621 1149 720 regionibus
1194 621 1285 694 ad
1338 627 1616 717 tempus
1657 623 2129 695 certaminum
2178 625 2396 694 Teum
2438 622 2781 696 adeuntes
2816 642 2975 693 cen-

742 740 908 833 suit,
961 761 1173 835 prava
1216 759 1382 810 sane
1411 738 2005 835 interpretatione
2036 736 2167 836 (l).
2198 738 2327 813 Vix
2374 738 2567 810 enim
2628 737 2975 833 intelligas

742 852 1104 951 quomodo
1149 851 1476 924 homines
1514 850 1601 925 ad
1644 851 1855 924 breve
1894 858 2181 947 tempus
2216 853 2441 925 coacti
2470 851 2780 924 honores
2816 875 2974 948 per-

741 977 993 1068 petuos
1033 969 1418 1041 decernere
1456 961 1847 1065 potuerint.
1892 966 2092 1040 Adde
2135 968 2329 1064 quod
2362 965 2452 1041 ad
2490 967 2647 1040 haec
2678 967 2853 1040 festa
2893 991 2979 1039 ex

741 1087 898 1160 aliis
923 1083 1320 1158 civitatibus
1349 1091 1832 1158 convenerunt
1854 1107 2003 1157 non
2032 1082 2295 1180 singuli
2324 1083 2653 1175 artificeS‚
2680 1083 2802 1157 sed
2825 1083 2979 1156 uni-

742 1225 940 1276 versa
968 1198 1287 1296 collegia,
1322 1205 1402 1272 ut
1440 1199 1678 1272 videre
1719 1207 1822 1272 est
1868 1201 1943 1272 in
1988 1198 2273 1273 decreto
2307 1199 2583 1296 collegii
2625 1199 2978 1272 artificum

742 1343 826 1392 ex
860 1317 1126 1390 Isthmo
1167 1325 1234 1389 et
1271 1316 1534 1389 Nemea
1575 1315 1705 1415 (2).
1757 1314 2034 1391 Meliori
2081 1317 2449 1389 sententiae
2480 1317 2661 1388 viam
2705 1318 2978 1412 aperuit

745 1432 994 1507 titulus
1053 1433 1373 1518 IasensiS,
1423 1433 1497 1504 in
1554 1454 1698 1528 quo
1744 1455 1932 1504 unus
1975 1432 2423 1528 synagonista
2467 1432 2773 1527 tragicus
2816 1453 2981 1503 cum

747 1555 954 1645 poeta
983 1554 1052 1618 et
1087 1547 1362 1620 musico
1393 1546 1481 1619 ab
1515 1546 1907 1620 artificibus
1931 1546 2116 1620 Teiis
2154 1545 2243 1618 ad
2281 1545 2639 1642 agendum
2672 1545 2760 1620 de
2788 1569 2985 1620 com-

748 1662 1088 1737 munibus
1118 1660 1330 1736 rebus
1362 1662 1632 1758 legatus
1654 1662 1985 1735 mittitur.
2023 1662 2230 1748 Quod
2255 1661 2626 1734 manifeste
2653 1662 2807 1735 fieri
2836 1685 2983 1734 non

744 1780 976 1878 potuit
1013 1778 1151 1850 nisi
1187 1786 1257 1852 et
1294 1779 1443 1874 ipse
1481 1785 1636 1851 tum
1680 1779 2035 1875 particeps
2077 1783 2260 1850 esset
2306 1782 2375 1850 et
2410 1783 2651 1874 postea
2698 1777 2983 1850 futurus

749 1903 927 1970 esset
961 1894 1262 1991 collegii.
1307 1893 1512 1967 Unde
1549 1894 1935 1968 verisimile
1965 1892 2245 1966 videtur
2274 1895 2759 1990 synagonistas
2797 1891 2978 1966 nihil

749 2010 945 2087 aliud
979 2034 1128 2084 esse
1160 2034 1374 2106 quam
1419 2017 1688 2085 actores
1732 2011 2032 2107 tragicos
2068 2015 2141 2084 et
2180 2010 2519 2100 comicOS,
2555 2010 2829 2085 scenici·
2852 2032 2982 2106 po-

749 2131 903 2227 puli
935 2131 1136 2227 quasi
1169 2135 1481 2226 gentem.
1529 2133 1673 2204 Hos
1712 2153 1963 2204 omnes
2001 2130 2479 2203 communiter
2509 2130 2595 2202 de
2636 2127 2853 2202 rebus
2893 2130 2984 2201 ad

673 2335 678 2338 Ι
754 2247 1160 2319 universum
1191 2245 1572 2342 collegium
1621 2246 2105 2342 spectantibus
2143 2245 2585 2320 consuluisse
2630 2246 2820 2318 idem
2862 2245 2987 2319 do-

755 2369 868 2436 cet
885 2361 1138 2435 titulus
1166 2360 1295 2461 (3).
1323 2363 1806 2436 Attalistarum
1840 2386 2152 2459 quorum
2190 2383 2481 2458 quoque
2522 2369 2989 2435 monumenta

751 2485 1161 2572 supersunt,
1209 2477 1494 2550 nullum
1537 2478 1672 2551 fuit
1709 2479 1904 2553 aliud
1945 2479 2327 2577 collegium
2377 2476 2508 2576 (4).
2558 2479 2780 2552 Iidem
2821 2487 2987 2553 sunt

751 2593 874 2689 qui
907 2593 1212 2666 artifices
1249 2618 1462 2690 supra
1508 2597 1909 2684 memorati,
1948 2596 2069 2669 sed
2098 2603 2463 2690 assumpto
2497 2595 2690 2692 regio
2720 2619 2981 2692 cogno-

753 2709 974 2798 mine,
1013 2710 1248 2785 Attalo
1303 2713 1596 2808 gratiam
1654 2711 1746 2785 ob
1803 2710 2151 2786 beneficia
2205 2710 2469 2785 referre
2524 2712 2984 2803 studuerunt,

754 2849 1032 2899 necnon
1085 2826 1279 2899 illius
1328 2829 1719 2925 patrocinio
1762 2852 1874 2903 res
1918 2852 2078 2903 suas
2127 2851 2409 2925 augere.
2454 2830 2658 2914 Quod
2697 2829 2989 2927 quidem

753 2940 1185 3015 vocabulum
1230 2966 1374 3017 non
1420 2944 1688 3017 diutius
1736 2968 1952 3042 quam
2007 2944 2222 3018 Attali
2266 2967 2564 3040 regnum
2599 2947 2990 3042 permansit

755 3064 825 3129 et
853 3058 1166 3152 priscum
1197 3082 1460 3133 nomen
1491 3083 1740 3133 rursus
1764 3068 2211 3157 assumptum
2252 3059 2465 3132 fuisse
2502 3060 2989 3137 demonstrant

756 3174 1024 3272 lapides
1053 3178 1277 3273 aetatis
1321 3179 1795 3274 imperatoriae
1836 3178 1971 3277 (5).
2513 3182 2515 3184 ’

855 3290 1062 3365 Haud
1091 3318 1351 3390 paucas
1377 3294 1594 3392 hujus
1616 3295 1894 3391 collegii
1927 3294 2384 3390 migrationes
2412 3298 2992 3369 commemoravit

758 3407 1032 3483 Strabo,
1089 3411 1424 3485 «Deinde
1465 3411 1915 3486 Lebedus...
1977 3410 2083 3483 Ibi
2140 3410 2587 3484 scenicorum
2636 3412 2991 3485 artificum

759 3532 1149 3599 conventus
1183 3536 1251 3600 et
1288 3527 1736 3602 domicilium
1778 3537 1908 3617 est,
1945 3528 2069 3624 qui
2108 3528 2182 3599 in
2226 3528 2422 3600 Ionia
2451 3510 2871 3624 sunt‘usque
2903 3528 2991 3602 ad

761 3640 1342 3743 Hellespontum3
1387 3644 1506 3717 hic
1541 3644 1859 3742 solennis
1887 3649 2279 3718 conventus
2308 3649 2377 3718 et
2406 3644 2793 3719 certamina
2821 3632 3011 3741 quo?

764 3758 996 3829 tannis
1028 3758 1102 3828 in
1132 3758 1481 3832 honorem
1519 3760 1784 3861 Bacch-i
1816 3750 2283 3856 peraguntur.
2327 3763 2503 3833 Teos
2532 3762 2853 3857 proxima
2895 3766 2998 3836 lo-

650 3939 656 3945 .
713 3960 720 3967 ,
765 3872 902 3944 niae
947 3873 1111 3946 urbs
1143 3879 1310 3947 ante
1349 3874 1577 3949 suerat
1607 3899 1862 3950 eorum
1896 3878 2139 3965 sedes3
2178 3877 2327 3965 sed,
2364 3900 2589 3973 quum
2633 3876 2997 3951 incidisset

767 3990 1044 4081 seditio,
1095 3992 1456 4089 Ephesum
1516 3994 2015 4092 confugerunt.
2085 3998 2321 4081 Quum
2359 4018 2521 4068 vero
2566 3993 2847 4067 Attalus
2876 4020 2997 4071 eos

843 4201 928 4281 (1.)
977 4202 1203 4285 Corpus
1229 4206 1404 4269 inser.
1433 4229 1552 4289 qr„
1583 4213 1741 4273 3068
1772 4210 1827 4271 b.
1850 4244 1932 4257 -
1954 4210 2039 4290 (2)
2072 4210 2299 4291 Corpus
2328 4210 2502 4269 inser.
2531 4228 2653 4289 φη,
2690 4212 2848 4273 3068
2876 4232 2926 4272 c.

847 4299 925 4373 (3)
971 4300 1056 4357 Le
1083 4300 1202 4360 Bas
1225 4308 1290 4363 et
1310 4304 1761 4383 Waddington,
1794 4304 1985 4368 Inscr.
2019 4304 2525 4381 d'Asz'e-Mz'neure,
2559 4308 2697 4365 281.

847 4390 929 4469 (4)
977 4390 1204 4471 Corpus
1230 4395 1405 4457 inser.
1443 4416 1564 4476 qr„
1597 4402 1775 4475 3069,
1810 4403 1988 4477 3070,
2021 4402 2201 4461 3071.

844 4485 928 4562 (5)
974 4484 1203 4566 Corpus
1229 4489 1405 4552 inser.
1435 4510 1557 4570 qr„
1589 4495 1771 4571 3082,
1800 4496 1982 4556 2933.
2092 4530 2099 4539 ·
