3392 5500
1788 601 2067 657 ...4-

815 749 966 798 rem
999 725 1353 800 affirmare
1395 735 1534 800 tam
1569 727 2041 817 incredibilia,
2075 729 2210 801 nisi
2258 727 2771 800 Demosthenes
2800 750 3037 802 exem-

809 841 930 938 pla
971 851 1560 918 commemoraret
1599 844 1929 919 vindictae
1983 843 2325 942 capitalis.
2376 843 2755 918 Ctesiclem
2795 869 3040 940 quem-

813 959 1004 1048 dam,
1072 961 1264 1057 quod
1330 961 1404 1032 in
1466 984 1730 1058 pompa
1785 962 2157 1035 inimicum
2214 967 2413 1035 scuto
2474 961 2919 1058 pulsavisset,
2973 969 3039 1033 et

808 1074 1117 1173 populus
1142 1084 1416 1151 sontem
1440 1076 1820 1152 declaravit
1838 1086 1909 1152 et
1924 1077 2201 1177 judices
2231 1084 2458 1153 morte
2486 1077 3033 1152 mulctaverunt.

808 1193 1010 1266 Alius
1049 1194 1262 1268 etiam
1293 1195 1418 1291 qui
1449 1201 1917 1291 spectatorem
1956 1197 2042 1270 de
2087 1195 2289 1270 sedili
2335 1196 2409 1267 in
2445 1195 2719 1269 theatro
2757 1195 3025 1290 litigan-

806 1315 952 1383 tem
983 1311 1050 1382 vi
1087 1310 1478 1406 expulerat,
1523 1313 1672 1408 jam
1715 1311 1965 1409 populi
2018 1312 2371 1408 suffragiis
2420 1311 2796 1384 damnatus
2842 1309 3039 1407 judi-

809 1450 970 1499 cum
1022 1428 1446 1501 sententiam
1493 1427 1869 1525 capitalem
1919 1435 2149 1502 morte
2181 1434 2457 1501 tantum
2499 1428 2863 1501 antevertit
2902 1426 3033 1525 (1).

804 1547 958 1617 Jam
994 1568 1079 1616 ex
1108 1545 1260 1640 ipsa
1296 1544 1799 1617 Demosthenis
1830 1547 2147 1619 oratione
2181 1546 2420 1618 videre
2452 1550 2557 1618 est
2595 1566 2811 1641 quam
2840 1567 3039 1617 acer-

802 1657 910 1732 bae
940 1659 1210 1733 fuerint
1239 1665 1311 1731 in
1342 1659 1617 1733 delictis
1651 1660 2069 1759 hujusmodi
2091 1660 2502 1735 coercendis
2539 1661 2726 1756 leges
2761 1659 2847 1732 ad
2881 1660 3041 1734 Dio-

804 1777 1002 1872 nysia
1038 1777 1501 1873 pertinentes,
1534 1779 1598 1848 Is
1625 1778 1845 1865 enim,
1874 1785 2202 1874 suscepto
2232 1801 2359 1850 sua
2390 1784 2639 1874 sponte
2678 1799 2807 1872 pro
2845 1775 3037 1849 tribu

805 1917 931 1965 sua
978 1892 1264 1989 chor-agi
1311 1916 1635 1985 munere,
1680 1916 1906 1989 quum
1960 1893 2035 1965 in
2088 1894 2336 1968 ceteris
2388 1917 2430 1967 a
2473 1891 2688 1968 Midia
2723 1898 3034 1981 vexatuS,

803 2017 958 2082 tum
1012 2010 1395 2084 novissime
1453 2009 1759 2108 colopho
1812 2017 2143 2109 exceptus
2190 2011 2265 2083 in
2316 2011 2621 2100 theatro,
2666 2010 3037 2083 inimicum

798 2126 947 2224 jam
988 2125 1239 2224 populi
1283 2126 1702 2224 praejudicio
1757 2126 2173 2202 damnatum
2222 2124 2412 2224 apud
2446 2125 2724 2225 judices
2764 2125 2852 2200 de
2896 2134 3039 2200 sta-

804 2241 1071 2316 tuenda
1109 2266 1322 2339 poena
1353 2243 1829 2340 persequitur.
1874 2247 1935 2315 A
1985 2237 2270 2340 quibu‘s,
2315 2266 2445 2339 pro
2484 2242 2724 2340 legum
2757 2249 3037 2317 senten-

804 2359 926 2450 tia,
981 2383 1111 2457 pro
1151 2360 1469 2456 ipsorum
1502 2359 2000 2458 jurejurando,
2056 2360 2346 2435 Midiam
2395 2367 2623 2434 morte
2673 2359 3040 2434 mulctan-

806 2473 980 2549 dum
1041 2499 1192 2550 esse
1248 2474 1613 2550 contendit
1650 2475 1782 2575 (2),
1824 2499 2057 2573 neque
2115 2477 2308 2549 enim
2364 2500 2436 2550 se
2483 2477 2861 2573 privatum,
2916 2474 3036 2548 sed

806 2592 1053 2689 populi
1092 2592 1546 2668 Atheniensis
1585 2593 2002 2689 choragum,
2064 2600 2590 2667 sacrosanctum
2638 2591 2751 2667 dei
2800 2593 3040 2665 minis-

809 2713 1029 2797 trum,
1066 2708 1140 2781 in
1169 2709 1322 2805 ipso
1354 2707 1624 2805 templo
1664 2709 1978 2781 hominis
2020 2709 2439 2806 impotentia
2475 2707 2816 2783 violatum
2846 2731 2993 2784 esse
3012 2733 3031 2796 ;

807 2833 900 2916 et,
944 2822 1284 2922 exemplis
1323 2826 1703 2923 maj0rum,
1749 2825 2083 2922 injuriam
2122 2850 2267 2900 non
2294 2825 2427 2899 sibi
2459 2832 2733 2899 tantum
2770 2825 3039 2900 illatam

807 2942 927 3017 sed
957 2944 1166 3017 etiam
1190 2941 1602 3038 reipublicae
1625 2951 1693 3015 et
1719 2944 1850 3040 ipsi
1880 2944 2035 3034 deo,
2078 2946 2295 3017 sontis
2320 2944 2671 3041 supplicio
2702 2945 3038 3042 piandam

805 3083 956 3133 esse
983 3058 1116 3157 (3).
1166 3060 1266 3133 Sit
1312 3059 1579 3130 nimius
1621 3058 1826 3133 dolor
1856 3067 2166 3156 acceptae
2200 3061 2683 3149 contumeliae,
2718 3061 2806 3134 sit
2836 3084 3038 3135 acer-

807 3175 987 3250 bitas
1009 3177 1082 3247 in
1105 3176 1464 3272 exigendis
1485 3174 1572 3249 ab
1595 3176 1887 3250 inimico
1902 3178 2133 3274 poenis
2156 3176 2557 3251 immodica.
2585 3177 2772 3250 Illud
2796 3185 3038 3253 tamen

809 3288 1299 3366 confitendum
1347 3299 1486 3379 est,
1540 3315 1911 3388 nunquam
1955 3316 2208 3365 ausum
2258 3292 2471 3367 fuisse
2516 3300 2661 3366 tam
2714 3297 3043 3369 atrociter

812 3412 1116 3485 crimina
1143 3416 1527 3499 exstruere,
1573 3417 1717 3485 tam
1749 3435 2010 3485 scevam
2041 3435 2327 3509 poenam
2362 3436 2729 3509 reposcere
2768 3415 2903 3511 nisi
2943 3413 3040 3487 fa·

815 3528 1146 3603 cultatem
1179 3529 1244 3602 ei
1278 3528 1469 3625 leges
1500 3526 1587 3601 de
1628 3529 1979 3626 Dionysiis
2018 3528 2179 3602 latae
2220 3529 2719 3625 praebuissent,
2761 3536 2830 3602 et
2858 3520 3043 3628 j'udi-

765 3738 769 3743 ,
819 3669 933 3717 ces
962 3646 1147 3741 ipsos
1187 3650 1326 3717 tam
1359 3643 1804 3718 ambitiosam
1844 3654 1914 3718 et
1953 3646 2302 3719 immitem
2344 3647 2864 3720 accusationem
2894 3648 3039 3720 risu

819 3784 966 3833 non
1007 3760 1358 3832 sententia
1405 3766 1821 3855 excepturos
1864 3757 2105 3847 fuisse,
2155 3760 2289 3831 nisi
2334 3766 2405 3831 et
2445 3760 2582 3833 alia
2621 3761 3044 3835 exstitissent

821 3876 1164 3971 similium
1193 3898 1563 3949 causarum
1595 3874 1940 3971 exempla.
1975 3876 2146 3961 Quis
2172 3877 2365 3949 enim
2392 3883 2744 3951 oratorem
2774 3878 3048 3953 tulisset

697 4021 700 4029 ’
825 3992 914 4066 de
951 4016 1144 4066 sacra
1177 3992 1400 4089 ipsius
1431 3996 1617 4063 veste
1643 3991 1950 4064 lacerata
1988 3999 2131 4064 tam
2160 3993 2413 4066 acriter
2438 3994 2884 4069 invehentem
2910 3992 3038 4092 (4),

907 4322 991 4402 (1)
1035 4317 1382 4396 Demosth.,
1416 4315 1597 4396 lbid„
1631 4320 1903 4381 178-182.
1945 4319 2171 4382 Confer
2210 4319 2402 4381 etiam
2430 4320 2632 4382 simile
2663 4323 3043 4404 exemplum,

825 4438 888 4498 P·
907 4422 988 4591 (ζ’)
1010 4416 1384 4583 nggmldsth„
1407 4510 1471 4567 in
1499 4504 1769 4583 Mediam,
1794 4510 1891 4580 70,
1923 4510 2147 4571 152.-
2168 4490 2251 4587 (3)
2273 4508 2623 4587 Demosth.,
2647 4509 3037 4586 Ibid.‚127-7.

906 4604 991 4686 (4)
1035 4601 1384 4679 Demosth.,
1419 4598 1594 4677 lbid„
1629 4605 1726 4679 16,
1760 4604 1858 4665 69.
