3392 5500
1346 500 1659 562 ..45-

483 634 786 708 Cautum
828 639 1092 726 tamen,
1130 633 1466 730 prudenti
1505 634 1943 732 exceptione,
1996 658 2089 708 ne
2135 637 2421 732 privatae
2474 659 2617 710 sce-

381 751 714 825 nicorum
759 751 1070 826 licentiae
1119 774 1247 848 per
1291 750 1654 848 privilegia
1698 749 2162 849 collegiorum
2224 752 2613 848 impunitas

382 868 695 942 daretur.
740 871 971 945 Vetito
1007 869 1221 966 igitur
1258 892 1348 942 ne
1395 869 1555 966 quis
1583 870 1925 944 artificem
1981 869 2231 966 rapiat,
2275 868 2609 944 additur:

395 1013 426 1051 «
457 985 593 1058 nisi
624 987 782 1082 quis
809 986 902 1060 ob
933 984 1251 1059 debitum
1283 987 1372 1060 sit
1408 986 1667 1060 civitati
1701 987 2049 1060 obnoxius
2084 985 2188 1086 (1)
2216 1018 2273 1060 ι).
2312 986 2607 1084 Nempe,

377 1125 607 1198 quum
651 1104 727 1174 in
784 1103 941 1178 aliis
993 1127 1090 1176 aes
1128 1102 1447 1177 alienum
1502 1104 1922 1178 contrahere
1970 1110 2383 1201 potuerunt,
2460 1117 2612 1176 tum

378 1220 706 1315 privatim
737 1243 904 1294 cum
935 1220 1338 1318 civitatibus
1376 1219 1466 1294 de
1495 1218 1684 1296 ludis
1714 1218 2003 1316 agendis
2042 1217 2605 1316 paciscebantur,

375 1335 642 1432 quibus
698 1337 758 1410 si
811 1335 1230 1428 defuissent,
1297 1338 1566 1434 accepti
1628 1338 1946 1435 pignoris
2008 1336 2273 1433 duplex
2342 1337 2611 1412 mulcta

374 1451 714 1526 solvenda
767 1460 915 1528 erat
973 1451 1159 1550 (vide
1213 1478 1286 1549 p.
1353 1451 1502 1552 52).
1561 1455 1919 1529 Adversus
1981 1477 2199 1552 quam
2274 1453 2605 1550 injuriam

364 1569 488 1664 jus
545 1593 759 1643 omne
815 1592 1024 1642 suum
1093 1570 1542 1644 retinuerunt
1595 1571 1935 1661 civitateS‚
1996 1595 2140 1667 quo
2197 1577 2318 1644 aut
2374 1570 2608 1666 ipsum
2672 1594 2679 1598 ·

371 1685 720 1759 artificem
772 1693 894 1759 aut
940 1687 1161 1784 ipsius
1209 1709 1320 1760 res
1387 1693 1742 1783 raperent.
1822 1688 2095 1764 Eadem
2148 1687 2465 1784 exceptio
2531 1689 2606 1760 in

372 1802 660 1898 privatis
728 1831 759 1870 «
811 1803 948 1875 nisi
1006 1803 1167 1900 quis
1212 1804 1539 1899 privatim
1591 1803 1840 1898 privati
1894 1801 2174 1876 debitor
2214 1803 2303 1876 sit
2355 1801 2487 1902 (4)
2527 1833 2600 1876 ».

369 1920 518 1991 Nec
549 1918 700 1992 sine
745 1941 959 1992 causa
986 1918 1259 1991 dictum
1289 1917 1422 1992 fuit
1459 1918 1642 1992 illud
1677 1919 2037 2014 privatim.
2093 1916 2371 2014 Duplex
2408 1919 2603 1992 enim

368 2034 660 2108 artificis
707 2057 1048 2132 persona;
1101 2035 1159 2107 si
1221 2034 1397 2130 quid
1447 2041 1699 2131 paetus
1748 2035 2043 2110 nomine
2086 2034 2394 2131 collegii,
2448 2057 2604 2129 pro·

367 2151 602 2224 missis
661 2174 809 2226 non
858 2157 1182 2240 steterat,
1233 2150 1456 2224 nullae
1513 2151 1590 2222 in
1631 2174 1799 2224 eum
1850 2149 2171 2225 vindiciae
2214 2148 2593 2248 legitimae3

365 2266 478 2338 sin
509 2269 795 2365 proprio
825 2267 1118 2342 nomine
1159 2290 1255 2340 aes
1287 2265 1606 2365 alienum
1645 2274 2114 2354 contraxerat,
2149 2267 2237 2339 de
2258 2268 2424 2363 jure
2465 2292 2591 2340 suo

363 2407 516 2456 non
546 2383 838 2458 cadebat
871 2383 1204 2458 creditor.
1241 2383 1435 2457 Idem
1475 2390 1768 2457 cautum
1800 2383 2016 2458 fuisse
2049 2382 2138 2456 ab
2162 2382 2595 2478 Amphictio-

365 2498 584 2574 nibus
631 2508 703 2575 et
737 2503 812 2574 in
861 2501 1112 2574 ceteris
1156 2497 1522 2573 beneficiis
1575 2500 1723 2571 suis
1777 2500 2114 2573 admonet
2161 2498 2299 2572 alia
2353 2497 2593 2573 tabula

363 2639 584 2713 quam
614 2615 830 2713 paulo
859 2615 1048 2690 infra
1075 2615 1356 2712 plenius
1385 2615 1739 2713 proferam
1766 2614 1955 2712 (vide
1994 2641 2066 2712 p.
2104 2612 2254 2714 47).

459 2734 610 2807 Jam
642 2737 944 2829 ἀσφάλεια
969 2732 1059 2807 ad
1084 2731 1390 2807 artifices
1421 2731 1606 2829 ipsos
1645 2738 1937 2827 spectat.
1970 2730 2181 2819 Quod
2200 2732 2322 2829 jus
2360 2731 2590 2806 maxi-

361 2873 564 2922 mum
636 2848 987 2924 videbitur
1047 2850 1455 2946 cuicunque
1507 2848 1843 2943 cogitanti
1910 2871 2127 2945 quam
2191 2848 2591 2949 frequentia

359 2964 626 3039 fuerint
680 2968 867 3041 inter
917 2968 1198 3039 Graecos
1254 2962 1468 3053 bella,
1544 2987 1763 3059 quam
1819 2962 2035 3037 subiti
2111 2965 2586 3041 finitimorum

355 3082 674 3157 hostium
724 3084 1057 3181 impetuS,
1107 3104 1320 3179 quam
1360 3082 1556 3155 durae
1596 3080 1766 3154 belli
1804 3079 1991 3177 leges
2038 3080 2301 3177 quibus
2344 3085 2504 3157 victi
2544 3107 2586 3157 a
2664 3100 2671 3107 ·

354 3200 616 3275 victore
645 3201 719 3273 in
759 3201 1170 3273 servitutem
1210 3200 1360 3295 rapi
1407 3204 1476 3271 et
1522 3198 1732 3271 vendi
1768 3204 2125 3294 poterant.
2170 3198 2582 3273 Artificibus

353 3320 594 3389 autem
669 3316 974 3389 maxime
1047 3314 1552 3400 necessarium,
1614 3314 1875 3410 quibus
1934 3320 2080 3387 tam
2137 3338 2321 3409 saepe
2344 3372 2361 3402 ,
2434 3321 2579 3388 tam

350 3430 565 3526 longe
612 3455 653 3506 a
699 3433 926 3529 patria
969 3430 1075 3505 vel
1117 3429 1445 3526 collegiO,
1496 3429 1666 3503 artis
1708 3428 2124 3503 exercendae
2163 3453 2401 3516 causa,
2467 3431 2575 3504 iti·

349 3570 524 3621 nera
557 3546 1159 3645 suscipiebantur3
1198 3569 1358 3642 quae
1387 3568 1842 3642 nequaquam
1895 3545 2049 3619 fieri
2088 3548 2485 3641 potuissent
2520 3549 2578 3620 si

345 3664 533 3738 inter
576 3664 920 3739 bellantes
967 3666 1245 3739 deserta
1283 3663 1567 3760 injuriae
1603 3661 1844 3758 praeda
1883 3662 2288 3755 jacuissent.
2336 3668 2578 3761 ltaque

336 3781 488 3876 jam
550 3781 780 3855 multo
825 3788 988 3855 ante
1029 3792 1098 3854 et
1143 3780 1483 3852 institutis
1521 3786 1591 3851 et
1639 3801 1774 3852 usu
1817 3784 2180 3874 receptum
2224 3780 2448 3854 suerat
2502 3796 2577 3855 ut

340 3896 664 3971 inviolati
688 3898 762 3969 in
790 3895 982 3970 bello
1019 3903 1494 3970 versarentur.
1538 3895 1679 3985 Sic,
1728 3918 1956 3992 quum
2000 3896 2217 3969 armis
2250 3896 2574 3993 flagraret

343 4013 670 4105 Arcadia,
730 4013 1325 4090 concurrentibus
1367 4012 1731 4110 Spartanis
1796 4020 1863 4085 et
1936 4010 2237 4102 Achaeis,
2312 4016 2570 4089 ‘scenici

346 4132 654 4206 artifices
680 4130 955 4227 placide
977 4155 1016 4206 e
1042 4131 1389 4206 Messenia
1417 4136 1813 4203 remeantes
1836 4153 1963 4225 per
1996 4153 2245 4227 agrum
2275 4132 2572 4229 Megalo-

427 4400 512 4481 (1)
549 4401 812 4460 Decreta
838 4396 1376 4477 Amphictionum,
1407 4394 1448 4457 1.
1477 4398 1720 4459 20·21..

421 4493 500 4573 (⁶2)
532 4491 776 4568 Ibidem,
806 4492 850 4554 1.
879 4494 1066 4554 21-22
1085 4511 1102 4568 ;
1135 4492 1214 4552 cf.
1249 4490 1294 4554 1.
1329 4493 1429 4553 85.
