3392 5500
1250 564 1569 623 ...55-

295 699 607 772 artifices
638 697 727 771 ad
761 697 1097 793 Dionysia
1136 694 1732 770 conducerentur.
1780 698 1860 768 ln
1895 698 2190 791 pecunia
2229 695 2530 771 locanda

297 820 367 885 et
387 811 679 901 tuenda,
707 814 889 886 mira
910 810 1277 909 diligentia
1297 812 1719 887 donantium
1741 821 1872 903 est,
1898 836 1988 885 ne
2019 813 2192 909 quid
2212 816 2530 888 muneris

296 929 410 1001 sui
440 936 685 1025 pereat
710 928 820 1002 vel
852 928 943 1003 ad
976 929 1153 1003 alios
1186 952 1358 1001 usus
1384 929 1831 1017 traducatur3
1879 952 2040 1025 quae
2067 930 2308 1002 omnia
2335 952 2528 1003 sena·

297 1054 415 1117 tus
451 1045 739 1119 decreto
794 1046 1060 1118 sancita
1098 1052 1167 1119 et
1202 1044 1745 1142 magistratuum
1784 1044 1974 1118 curis
2004 1045 2521 1121 administrata.

297 1163 587 1235 Locatio
612 1162 808 1236 enirn
838 1160 1163 1258 pecuniae
1202 1184 1329 1257 per
1366 1168 1694 1234 senatum
1728 1161 1886 1234 fieri
1921 1159 2152 1249 debet,
2184 1164 2532 1258 praeconis

298 1300 468 1351 voce
504 1279 859 1368 nuntiata,
890 1302 976 1351 ea
1005 1276 1417 1352 conditione
1444 1283 1523 1350 ut
1558 1299 1846 1373 quoque
1883 1300 2126 1351 mense
2159 1301 2305 1352 una
2337 1281 2536 1353 mina

299 1397 480 1468 duas
509 1393 885 1468 drachmas
924 1394 1104 1468 ferat
1136 1418 1271 1467 nec
1305 1394 1637 1467 credatur
1675 1394 1812 1466 nisi
1848 1392 2078 1466 tribus
2105 1394 2272 1466 viris
2317 1394 2528 1469 locu-

299 1510 615 1609 pletibus
643 1518 713 1583 et
758 1520 928 1585 natu
972 1509 1361 1617 grandibus
1382 1534 1401 1597 ;
1439 1532 1481 1583 a
1508 1508 1796 1605 quibuS‚
1833 1510 1890 1583 si
1931 1532 2073 1584 non
2117 1516 2377 1584 statuto
2415 1511 2530 1585 die

301 1628 537 1701 foenus
584 1626 915 1715 solvatur,
969 1626 1231 1723 duplex
1287 1626 1717 1723 exigendum
1765 1627 1879 1699 sit.
1940 1625 2152 1724 Apud
2208 1636 2528 1702 senatum

300 1767 591 1842 quoque
636 1744 961 1841 pecuniae
998 1744 1071 1815 in
1106 1749 1431 1840 sumptus
1474 1750 1774 1839 erogatae
1813 1742 1990 1816 ratio
2031 1743 2394 1819 reddenda
2429 1752 2534 1819 est

300 1865 439 1961 ipsi
472 1864 916 1962 agonothetae
956 1864 1033 1936 in
1079 1886 1320 1961 quem,
1370 1863 1428 1935 si
1459 1861 1633 1959 quid
1670 1863 2090 1959 peccaverit,
2135 1865 2530 1940 secundum

298 1980 533 2076 legem
577 1980 934 2076 agendum
978 1978 1645 2075 nomophylacibus,
1699 1980 1876 2051 sicut
1915 1981 1985 2050 in
2037 1980 2192 2052 aliis
2230 1982 2538 2077 pecuniis·

303 2098 516 2169 sacm's
546 2108 613 2169 et
642 2095 933 2193 publicis
957 2093 1087 2193 (1).

401 2212 545 2287 Nec
586 2212 827 2284 minus
856 2210 1050 2309 quod
1088 2211 1179 2285 ad
1221 2210 1724 2285 conducendos
1763 2211 2068 2285 artifices
2102 2219 2368 2309 spectat
2395 2237 2537 2309 pu-

303 2327 491 2403 blice
534 2352 665 2425 per
714 2329 1162 2424 magistratus
1207 2333 1654 2424 procuratur.
1717 2356 1752 2395 «
1791 2328 2048 2401 Mittito
2105 2330 2371 2418 civitaS,
2415 2352 2539 2404 se-

300 2446 627 2520 cundum
664 2444 1111 2541 agonothetae
1150 2443 1405 2541 legem,
1456 2443 1546 2517 ad
1579 2443 2084 2518 conducendos
2125 2445 2432 2520 artifices
2468 2453 2541 2519 et

304 2562 664 2658 Dionysia,
708 2585 791 2634 ex
821 2585 964 2659 quo
993 2561 1360 2657 incipient,
1394 2561 1620 2635 altero
1665 2583 1955 2660 quoque
1993 2586 2182 2637 anno
2216 2572 2528 2661 peragat,

301 2679 445 2754 nisi
509 2676 781 2752 bellum
845 2676 1119 2769 obstet,
1177 2676 1671 2753 differentibus
1719 2684 1968 2753 senatu
2032 2685 2102 2752 et
2157 2681 2529 2755 concione.

304 2793 733 2881 Conducit0‚
778 2819 819 2868 e
869 2795 1140 2868 soenore
1198 2796 1417 2869 trium
1487 2794 1955 2885 talentorum,
2021 2797 2574 2895 quinquagintav

304 2913 667 2986 minarum
711 2911 1244 2986 Corinthiarum
1287 2912 1543 3008 pretio,
1588 2920 1731 2986 tres
1787 2911 2142 3004 tibicineS,
2203 2921 2348 2987 tres
2392 2921 2536 2988 tra-

300 3029 575 3127 goedoS‚
617 3036 760 3102 tres
795 3027 1157 3103 comoedos
1196 3027 1301 3126 (id
1338 3035 1470 3117 est,
1505 3035 1649 3102 tres
1690 3051 1934 3127 greges
1974 3029 2276 3126 tragicos
2304 3038 2375 3105 et
2411 3055 2537 3106 co-

303 3144 557 3244 micos)
568 3199 776 3219 .......
814 3149 1045 3221 Danto
1099 3167 1401 3242 quoque·
1438 3144 1832 3219 artificibus
1876 3168 1915 3218 e
1954 3145 2225 3219 foenore
2273 3147 2536 3221 victum

295 3264 601 3360 justum,
633 3267 889 3359 praeter
917 3262 1439 3359 quinquaginta
1468 3262 1702 3334 minas
1728 3263 1857 3354 (2).
1884 3290 1917 3329 »
1960 3261 2033 3333 Si
2071 3269 2361 3359 propter
2392 3262 2540 3338 bel-

300 3380 458 3453 lum
476 3386 600 3452 aut
622 3378 839 3470 aliam
858 3401 1141 3450 causam
1158 3375 1311 3449 ludi
1332 3377 1569 3474 peragi
1592 3400 1738 3450 non
1755 3385 2073 3472 possunt,
2098 3380 2402 3475 pecunia
2421 3403 2540 3455 cu·

302 3495 565 3570 mulari
601 3493 809 3569 debet
825 3520 845 3583 ;
880 3495 937 3567 si
961 3500 1250 3591 peccato
1280 3494 1579 3567 civitatis
1605 3517 1752 3566 non
1775 3493 1856 3565 fit
1884 3517 2057 3566 usus
2084 3497 2538 3593 praescriptus

304 3613 646 3701 muneris,
674 3611 761 3684 de
797 3611 1103 3707 pecunia
1136 3610 1327 3684 cadit
1359 3631 1575 3706 quam
1603 3608 1738 3683 sibi
1765 3602 2188 3684 donantium
2215 3611 2537 3688 haeredes

304 3727 793 3802 vindicabunt.

396 3844 717 3918 Titulum
772 3842 1297 3938 longissimum,
1338 3847 1473 3916 146
1504 3841 1826 3915 versibus
1872 3850 2263 3935 exaratum,
2312 3868 2532 3942 quam

306 3960 715 4036 brevissime
766 3958 1081 4055 exposui.
1155 3959 1334 4032 Sunt
1392 3963 1632 4032 tamen
1696 3959 2025 4055 quaedam
2085 3960 2397 4035 notanda
2452 3964 2540 4037 de

306 4075 635 4152 mercede
664 4075 1046 4150 artificum.
1098 4073 1329 4162 Quam
1370 4074 1426 4146 si
1465 4082 1659 4146 recte
1699 4081 2114 4170 computare
2153 4076 2350 4166 veliS,
2391 4101 2540 4152 me-

311 4194 596 4268 minisse
634 4198 912 4288 oportet
962 4190 1155 4287 quod
1206 4189 1421 4262 fuerit
1461 4195 1632 4262 tunc
1680 4191 2014 4286 temporis
2049 4194 2373 4288 pecuniae
2405 4194 2539 4269 soe-

387 4473 463 4550 (1)
512 4468 738 4548 Corpus
760 4471 940 4526 inser.
969 4485 1087 4546 qr„
1110 4465 1353 4534 18453-1.
1387 4467 1526 4526 105.

393 4564 476 4645 (2)
520 4561 748 4641 Corpus
768 4565 945 4622 inser.
975 4578 1099 4640 qr„
1132 4561 1308 4638 1845,
1340 4557 1386 4620 1.
1420 4559 1635 4621 15-25.
