3392 5500
1337 551 1656 616 -ῃ-

359 682 576 763 alicui
621 707 872 762 eorum
904 686 1242 784 injuriam
1272 687 1622 778 intulerit,
1671 690 1739 764 ei
1775 690 2128 763 rationem
2166 683 2601 764 reddendam

361 803 518 878 fore
548 805 624 876 in
646 803 994 878 tribunali
1031 805 1643 901 Amphictionum‚
1692 804 2092 880 secundum
2140 803 2396 902 legem.
2430 833 2465 873 »
2521 809 2601 878 In

361 921 648 996 decreto
683 919 772 995 de
811 921 1198 996 architecto
1245 921 1571 1018 Delphici
1623 921 1897 1019 templi,
1948 920 2144 1019 quod
2189 945 2231 996 a
2276 921 2601 1019 Philippo

359 1041 461 1112 Le
507 1038 642 1112 Bas
681 1039 833 1135 jam
871 1036 1145 1110 editum
1184 1037 1402 1134 paulo
1435 1037 1722 1134 plenius
1758 1039 1995 1136 legere
2033 1040 2260 1135 potui,
2310 1059 2393 1112 ea
2436 1046 2605 1112 sunt

359 1156 435 1228 in
481 1155 626 1229 fine
663 1180 682 1229 t
741 1184 775 1224 «
810 1155 1092 1229 Placuit
1119 1155 1835 1230 hieromnemonibus
1882 1155 2302 1230 inviolatum
2342 1179 2495 1231 esse
2532 1164 2603 1230 et

359 1271 600 1368 ipsum
657 1275 1051 1346 Damonem
1089 1274 1162 1345 et
1199 1293 1312 1345 res
1350 1271 1773 1368 ipsius3.....
1823 1272 1883 1344 si
1942 1273 2103 1368 quis
2162 1293 2326 1347 vero
2392 1273 2606 1370 quid-

359 1414 580 1490 quam
619 1392 964 1467 amoverit
991 1412 1076 1466 ex
1114 1392 1332 1488 hujus
1365 1391 1578 1466 rebus
1604 1450 1622 1481 ‚
1659 1393 1726 1466 ei
1768 1393 1889 1489 qui
1930 1394 2249 1489 rapuerit
2292 1392 2491 1467 mille
2520 1399 2597 1484 (?)

361 1515 656 1584 stateras
687 1507 1060 1582 solvendos
1087 1527 1242 1581 esse
1273 1507 1409 1583 deo
1438 1507 1982 1595 consecrandoS,
2026 1509 2331 1583 Damoni
2361 1517 2599 1583 autem

362 1623 580 1698 licere
611 1647 782 1698 eum
815 1625 890 1697 in
918 1623 1040 1720 jus
1078 1645 1284 1721 agere
1319 1625 1513 1720 apud
1541 1624 2168 1698 hieromnemones
2181 1650 2201 1712 3
2244 1626 2599 1698 civitatem

359 1762 524 1816 vero
557 1740 1001 1836 Delphorum
1025 1746 1098 1814 et
1131 1747 1533 1814 ceterorum
1575 1744 1991 1815 Graecorum
2028 1741 2441 1839 quicunque
2478 1765 2599 1817 vo—

359 1856 603 1949 luerit,
645 1880 856 1954 opem
886 1857 1072 1931 serre
1116 1857 1418 1930 Damoni
1465 1855 1801 1931 adversus
1837 1859 2222 1953 rapientes,
2264 1860 2403 1934 nisi
2440 1860 2601 1956 quis

358 1973 678 2070 rapuerit
716 1971 809 2046 ob
848 1980 1139 2069 pactum
1175 1974 1526 2069 privatum
1563 1973 1879 2070 aliquam
1919 1974 2445 2050 accusationem
2488 1975 2603 2049 in-

359 2092 598 2165 ferens
629 2089 935 2164 Damoni
968 2083 1102 2188 (1).
1143 2115 1177 2156 »
1221 2090 1630 2164 Artificibus
1666 2109 1830 2164 vero
1856 2091 2161 2182 violati8‚
2202 2091 2417 2188 culpa
2452 2116 2599 2167 non

358 2208 437 2281 in
468 2212 831 2282 auctorem
864 2225 1094 2280 unum
1125 2205 1360 2280 delicti
1400 2203 1672 2298 recidit,
1720 2206 1846 2280 sed
1893 2207 1967 2280 in
2017 2207 2270 2282 urbem
2306 2227 2598 2306 q’uoque

357 2325 438 2398 in
475 2341 619 2421 qua
656 2323 1048 2398 admissum
1085 2321 1298 2397 fuerit
1335 2321 1706 2395 delictum.

462 2439 568 2513 Ex
621 2441 730 2514 his
783 2449 1026 2514 autem
1073 2446 1262 2537 patet
1317 2459 1646 2536 magnam
1702 2438 1919 2513 fuisse
1974 2442 2191 2515 etiam
2248 2465 2330 2516 ea
2390 2451 2597 2518 aetate

360 2559 953 2655 Amphictionum
1012 2557 1156 2629 vim
1217 2562 1290 2631 et
1338 2557 1858 2645 auctoritatem,
1918 2565 1992 2632 et
2038 2558 2113 2631 in
2165 2556 2596 2657 quibusdam

355 2673 574 2750 rebus
601 2681 670 2750 et
703 2672 1146 2771 temporibus
1178 2693 1333 2747 vere
1352 2695 1735 2747 commune
1766 2678 2180 2749 Groecorum
2212 2676 2595 2751 consilium

358 2792 736 2890 proedicari
772 2791 1104 2887 potuisse.
1139 2793 1477 2887 Magnum
1525 2814 1695 2864 sane
1738 2791 1922 2866 illud
1962 2792 2151 2866 cives
2192 2797 2597 2870 communi·
2652 2868 2658 2872 ,

359 2908 498 2983 bus
527 2906 950 2981 muneribus
982 2904 1290 2981 ferendis
1323 2906 1654 2997 liberare,
1694 2908 2112 2983 violatorem
2142 2910 2595 2986 decretorum

358 3022 655 3099 civitatis
685 3045 830 3097 suae
854 3020 1128 3119 judicio
1166 3023 1444 3118 eripere
1481 3029 1550 3095 et
1590 3023 2274 3100 hieromnemonum
2310 3036 2597 3104 senten-

366 3142 482 3214 tiis
519 3138 1010 3215 damnandum
1058 3136 1364 3243 tradere,
1397 3146 1612 3235 atque
1639 3140 1859 3215 etiam
1890 3140 2052 3216 urbi
2082 3162 2245 3239 quae
2299 3144 2373 3218 in
2423 3170 2594 3243 agro

359 3280 494 3331 suo
529 3256 699 3331 talia
745 3256 1008 3351 patrari
1052 3255 1288 3327 siverit
1325 3254 1668 3329 mulctam
1712 3258 2046 3353 irrogare.
2098 3258 2264 3344 Sed,
2311 3269 2388 3332 ut
2431 3260 2597 3333 Del—

356 3373 553 3471 phici
589 3371 890 3461 oraculi,
935 3372 1034 3445 ita
1075 3368 1633 3469 Am'phictionici
1672 3373 1953 3447 consilii
1990 3376 2482 3449 auctoritatem
2519 3378 2593 3449 in

355 3489 574 3563 rebus
611 3490 823 3564 sacris
865 3486 1072 3561 facile
1106 3489 1378 3585 accepit
1419 3489 1718 3562 Graecia.
1764 3488 1953 3576 Quid
1989 3498 2227 3563 autem
2254 3493 2477 3589 magis
2504 3492 2593 3566 ad

358 3604 774 3701 religionem
804 3604 1146 3701 pertinuit
1194 3626 1411 3700 quam
1453 3626 1696 3679 secure
1738 3605 2047 3680 artifices
2082 3606 2173 3679 ad
2210 3607 2595 3705 placandos

355 3719 839 3817 colendosque
875 3718 1048 3793 deos
1080 3742 1372 3817 operam
1403 3718 1805 3794 civitatibus
1842 3722 2207 3819 praehere?
2245 3725 2431 3811 Quid
2459 3726 2597 3822 piis

355 3832 771 3912 hominibus
824 3835 1112 3935 dignius
1159 3860 1377 3935 quam
1425 3837 1739 3911 oraculis
1779 3838 2005 3935 Pythii
2052 3840 2405 3937 Apollinis
2458 3844 2593 3919 01)-

363 3954 612 4050 sequi?

453 4066 871 4162 Congruens
899 4085 1069 4138 cum
1099 4063 1468 4139 beneficiis
1494 4064 2086 4161 Amphictionum
2114 4070 2339 4144 oratio
2358 4080 2429 4145 et
2448 4086 2591 4169 quo

329 4175 618 4273 ,fuerint
651 4180 894 4255 animo
937 4201 1085 4254 non
1129 4197 1241 4253 res
1281 4181 1447 4253 solae
1483 4179 1608 4253 sed
1643 4181 1799 4277 ipsa
1830 4182 2042 4257 verba
2072 4182 2590 4262 benevolentiae

353 4297 570 4393 plena
602 4296 966 4371 declarant
1005 4321 1022 4370 :
1071 4326 1104 4364 «
1147 4303 1228 4368 ut
1254 4296 1538 4371 videant
1587 4296 2057 4374 Athenienses
2098 4303 2378 4376 studere
2419 4307 2587 4379 Am-

433 4556 518 4639 (1)
557 4545 644 4620 Le
671 4556 816 4634 Bas,
847 4561 908 4620 3e
933 4560 1154 4636 partia
1186 4558 1324 4619 840⁴
