3392 5500
1752 545 2068 605 -54-

796 688 1078 761 mittere
1105 688 1497 761 consuevit.
1528 690 1898 772 Praeterea,
1928 687 2208 784 longius
2237 687 2447 761 etiam
2478 688 3028 785 peregrinaban-

795 812 910 877 tur
932 812 1003 879 et
1034 807 1375 878 Graeciam
1405 806 1631 901 ipsam
1661 804 1994 901 petebant
2025 811 2103 879 ut
2131 803 2342 878 ludos
2373 806 2678 879 maxime
2707 806 3025 903 insignes

792 919 1072 995 adirent
1100 928 1364 994 etcum
1393 920 1551 994 aliis
1579 920 1894 1018 collegiis
1928 927 2306 1009 certarent,
2347 929 2423 993 ut
2457 921 2775 1017 Delphis,
2799 922 3022 995 Thes-

792 1038 957 1133 piis,
988 1036 1247 1111 Thebis
1293 1037 1559 1111 factum
1608 1036 1825 1111 fuisse
1864 1037 2106 1112 docuit
2146 1036 2395 1110 titulus
2445 1060 2658 1133 supra
2694 1037 3027 1113 laudatus

792 1152 981 1249 (vide
1028 1178 1100 1248 p.
1154 1154 1292 1249 52).
1340 1157 1547 1241 Item,
1590 1154 1896 1227 artifices
1946 1176 2032 1226 ex
2093 1153 2360 1226 Isthmo
2409 1160 2479 1227 et
2529 1157 2816 1246 Nemea,
2879 1178 3027 1229 non

796 1269 1008 1343 modo
1054 1273 1444 1342 Messenem
1480 1267 1613 1368 (1),
1656 1270 1960 1366 Sicyona
1995 1268 2098 1367 (2)
2132 1277 2201 1341 et
2245 1277 2513 1342 ceteras
2565 1270 3026 1367 Peloponnesi

796 1391 1029 1481 partes
1066 1383 1487 1473 invisebant,
1518 1384 1640 1459 sed
1668 1384 1948 1459 Thebas
1982 1383 2084 1483 (3)
2118 1407 2403 1482 quoque
2441 1392 2511 1458 et
2545 1387 2767 1482 ipsam
2799 1389 3025 1460 Teum

798 1499 1004 1599 (vide
1048 1524 1121 1597 p.
1177 1499 1291 1598 8).
1333 1502 1632 1575 Maxime
1680 1502 1897 1597 igitur
1942 1507 2343 1597 opportuna
2398 1501 2532 1573 suit
2578 1502 3028 1576 scenicorum

798 1615 1264 1713 collegiorum
1305 1617 1682 1705 institutio,
1737 1630 1812 1690 ut
1850 1618 1923 1690 in
1964 1628 2188 1691 certas
2227 1617 2541 1691 civitates
2585 1619 3032 1692 confluerent

798 1757 884 1806 ex
908 1732 1245 1807 omnibus
1285 1726 1695 1831 regionibus
1729 1733 2036 1809 artifices
2061 1741 2283 1831 atque
2311 1735 2385 1808 in
2416 1736 2518 1808 eis
2550 1735 3036 1810 communiter

800 1848 1100 1924 artificio
1138 1850 1429 1945 operam
1474 1852 1750 1941 darent,
1807 1851 1882 1922 in
1929 1872 2173 1947 greges
2221 1851 2532 1925 comicos
2588 1852 3032 1949 tragicosque

801 1968 1271 2056 sociarentur,
1330 1967 1585 2042 choros
1634 1970 1849 2042 etiam
1903 1968 2238 2063 pueriles,
2295 1966 2534 2041 viriles
2595 1978 2664 2043 et
2720 1969 3034 2042 comicos

802 2089 1181 2180 perpetuos
1206 2083 1567 2176 docerent,
1597 2091 1810 2181 atque
1835 2106 1920 2156 ex
1944 2084 2056 2156 his
2083 2083 2344 2157 scholis
2370 2106 2500 2181 per
2523 2106 2813 2160 omnem
2841 2088 3036 2159 Grae-

805 2224 972 2274 cum
1012 2199 1261 2274 orbem
1301 2223 1449 2275 rem
1481 2199 1833 2275 ludicram
1867 2200 2284 2297 perferrent.

902 2321 1056 2404 Qua
1094 2320 1492 2393 ratione-in
1539 2319 1627 2391 iis
1674 2316 2076 2393 civitatibus
2122 2320 2198 2391 in
2248 2318 2507 2415 quibus
2559 2318 2846 2393 nullum
2884 2328 3034 2395 erat

806 2434 1254 2509 scenicorum
1301 2457 1582 2530 coerS,
1622 2434 1841 2523 ludis,
1874 2435 1997 2529 qui
2041 2434 2400 2531 religionis
2445 2457 2657 2509 causa
2698 2436 3028 2525 instituti,

806 2550 962 2622 sine
1001 2547 1283 2644 piaculo
1311 2549 1541 2621 omitti
1584 2572 1732 2621 non
1771 2556 2122 2646 poterant,
2170 2571 2459 2646 operam
2499 2550 2804 2624 artifices
2842 2573 3035 2647 prae-

809 2664 1115 2754 buerint,
1153 2665 1343 2737 tituli
1388 2666 1584 2739 haud
1616 2688 1843 2763 pauca
1877 2664 2352 2764 suppeditant,
2398 2666 2659 2764 quibus
2695 2667 3039 2766 explana-

810 2783 924 2870 tis,
982 2782 1112 2855 etsi
1166 2806 1311 2856 non
1350 2783 1592 2856 omnia
1632 2781 2124 2879 expedientur,
2179 2807 2458 2858 summa
2501 2791 2741 2859 tamen
2793 2808 3033 2860 rerum

807 2896 1196 2994 apparebit.
3017 2919 3024 2924 ·

908 3013 1142 3087 Aliam
1168 3013 1358 3110 apud
1384 3013 1558 3088 alios
1589 3016 1932 3088 rationem
1967 3016 2178 3089 fuisse
2201 3021 2311 3089 vix
2329 3023 2433 3090 est
2460 3017 2654 3113 quod
2677 3039 3032 3092 moneam.

814 3131 1301 3226 CorcyrenseS,
1339 3133 1658 3226 quamvis
1687 3130 1940 3205 urbem
1972 3131 2166 3205 haud
2206 3131 2591 3228 ignobilem
2631 3141 2699 3206 et
2731 3133 3039 3230 opulen-

817 3253 959 3319 tam
988 3245 1359 3333 haberent,
1394 3248 1677 3320 nonnisi
1708 3245 2076 3322 conductis
2103 3247 2518 3336 artificibuS,
2551 3249 2887 3344 Dionysia
2915 3273 3040 3323 sua

815 3362 1024 3437 edere
1055 3369 1466 3459 potuerunt.
1504 3363 1639 3437 Sed
1684 3387 1822 3454 reS,
1855 3365 2146 3437 maximi
2185 3366 2527 3438 momenti
2569 3364 2838 3461 populo
2869 3366 3038 3457 visa,

815 3478 1217 3575 sumptibus
1250 3479 1559 3576 publicis
1600 3487 1670 3552 et
1704 3503 1833 3576 per
1871 3481 2319 3577 magistratus
2357 3479 2727 3578 agebatur,
2777 3505 3044 3554 secun-

814 3594 989 3666 dum
1031 3595 1461 3690 peculiarem
1500 3595 1729 3692 legem
1773 3618 1935 3692 quae
1989 3594 2101 3668 lex
2153 3597 2597 3693 agonothetae
2645 3596 3037 3672 dicebatur.

816 3711 1049 3798 Quam
1078 3711 1473 3806 impensam
1509 3711 1771 3785 civium
1811 3734 2102 3785 suorum
2147 3710 2292 3787 duo
2331 3713 2662 3787 homines
2690 3737 2915 3811 quum
2951 3713 3046 3787 le-

680 3859 683 3861 *
814 3849 977 3899 vare
1024 3826 1311 3915 vellent,
1360 3827 1639 3924 egregia
1675 3826 2166 3902 munificentia
2202 3837 2490 3903 centum
2531 3837 2598 3903 et
2633 3830 2879 3927 viginti
2913 3829 3045 3902 mi·

816 3966 964 4030 naS,
1005 3965 1180 4039 quas
1208 3943 1508 4016 intactas
1529 3945 1794 4017 servari
1817 3943 2189 4040 jusserunt
2209 3943 2434 4019 donec
2465 3946 2849 4019 cumulatae
2879 3969 3044 4018 usu-

811 4059 909 4132 ris
944 4065 1235 4132 centum
1264 4064 1335 4131 et
1372 4060 1729 4155 octoginta
1775 4061 2004 4148 minas
2043 4059 2435 4156 explerent,
2467 4061 2626 4135 urbi
2655 4070 2723 4136 et
2765 4061 3040 4135 Baccho

816 4182 1435 4262 consecraverunt;
1484 4197 1791 4271 quarum
1823 4199 1861 4248 e
1901 4175 2200 4269 foenore,
2241 4177 2464 4252 altero
2504 4200 2793 4275 quoque
2821 4195 3032 4265 anno,

896 4449 981 4531 (1)
1023 4448 1366 4518 Plutarch„
1400 4448 1714 4526 Cleomen„
1748 4456 1846 4513 12.
1869 4486 1947 4499 —
1973 4453 2053 4533 (2)
2086 4454 2310 4532 Corpus
2333 4453 2508 4518 inser.
2531 4471 2657 4532 qr„
2689 4455 2867 4515 1108,

897 4542 979 4622 (3)
1035 4541 1169 4602 Vide
1198 4541 1439 4604 titulum
1479 4559 1543 4622 p.
1574 4545 1676 4605 27³
