3392 5500
1798 556 2115 614 ...38-

953 715 984 752 «
1020 686 1154 760 Dii.
1196 689 1246 758 E
1277 687 1668 760 Metron....
1732 687 2001 762 Placuit
2046 683 2666 783 Amphictionibus
2717 688 2784 754 et
2826 680 3065 754 hiero-

839 799 1343 878 mnemonibus
1361 809 1432 876 et
1450 812 1690 900 agorat
1700 806 1792 877 ris
1816 813 1886 878 et
1906 804 2222 902 synedris
2245 802 2586 878 universis
2609 797 2987 873 inviolatos
3000 801 3070 869 et

839 920 1200 993 immunes
1221 942 1370 994 esse
1393 918 1699 992 artifices
1719 923 1840 1018 qui
1870 926 2040 994 sunt
2072 920 2400 1005 Athenis;
2432 940 2523 991 ne
2552 915 2758 990 liceat
2789 913 3067 988 trahere

834 1037 1068 1110 ullum
1119 1037 1463 1111 artificem
1512 1059 1745 1133 neque
1811 1037 2000 1111 bello
2046 1060 2281 1133 neque
2335 1057 2537 1132 pace,
2590 1055 2826 1130 neque
2882 1039 3085 1139 terra—

833 1176 1064 1249 neque
1118 1153 1340 1243 mari3
1391 1153 1517 1227 sed
1561 1153 1705 1226 illis
1752 1155 2051 1250 supersit
2100 1153 2514 1227 immunitas
2564 1157 2635 1223 et
2684 1148 3061 1234 securium,

821 1271 974 1365 jam
1005 1270 1203 1364 prius
1232 1267 1321 1342 ab
1353 1268 1692 1341 omnibus
1725 1270 1988 1342 Graecis
2022 1291 2358 1342 concessa
2378 1293 2395 1354 ;
2442 1268 2576 1338 sint
2615 1270 2853 1337 autem
2893 1262 3065 1334 arti-

830 1380 998 1453 fices
1040 1381 1403 1453 immunes
1447 1378 1644 1453 omni
1685 1380 1942 1454 militia
1980 1387 2053 1453 et
2078 1381 2392 1454 terrestri
2440 1385 2509 1452 et
2556 1378 2940 1461 maritima,
2987 1379 3071 1446 ut

826 1494 978 1570 deis
1007 1495 1305 1594 legitimi
1335 1497 1672 1586 honores,
1719 1519 2025 1593 quorum
2068 1497 2290 1594 gratia
2326 1496 2632 1569 instituti
2670 1501 2841 1567 sunt
2881 1491 3066 1564 arti-

826 1612 1022 1700 fices,
1075 1619 1502 1710 peragantur
1552 1613 1749 1685 statis
1805 1613 2276 1710 temporibuS‚
2326 1629 2555 1709 quum
2610 1612 2717 1684 eis
2778 1609 3067 1705 negotia

827 1729 1175 1802 facessere
1204 1730 1474 1802 nemini
1509 1729 1722 1802 liceat
1746 1735 1815 1803 et
1844 1730 1977 1825 ipsi
2014 1729 2158 1803 sint
2201 1731 2381 1803 sacri
2420 1727 2509 1802 ad
2552 1727 2851 1801 deorum
2891 1725 3067 1822 legi-

825 1846 1041 1919 timos
1063 1844 1397 1920 honores.
1429 1847 1714 1919 Nemini
1749 1869 1916 1920 vero
1951 1846 2160 1920 liceat
2184 1845 2469 1920 trahere
2497 1845 2843 1919 artificem
2874 1841 3065 1917 bello

824 1969 948 2036 aut
998 1984 1172 2058 pace
1213 1983 1450 2059 neque
1499 1962 1652 2059 ejus
1700 1985 1814 2036 res
1859 1985 2149 2060 rapere,
2200 1964 2338 2036 nisi
2390 1965 2551 2059 quis
2596 1961 2687 2036 ob
2738 1959 3065 2035 debitum

825 2079 1090 2152 civitati
1119 2078 1468 2154 obnoxius
1515 2078 1605 2152 sit
1633 2085 1755 2152 aut
1785 2081 2110 2177 privatim
2156 2081 2407 2176 privati
2450 2079 2727 2153 debitor
2754 2079 2847 2151 sit
2884 2076 3060 2152 arti-

823 2193 961 2268 fex.
999 2195 1068 2269 Si
1109 2197 1268 2293 quis
1296 2218 1460 2270 vero
1490 2195 1604 2269 his
1647 2197 2001 2270 contraria
2032 2196 2307 2285 fecerit,
2350 2196 2527 2270 ratio
2569 2193 2937 2268 reddenda
2976 2193 3065 2266 sit

823 2310 1011 2408 apud
1033 2311 1575 2408 Amphictiones
1601 2319 1673 2386 et
1698 2313 1831 2408 ipsi
1861 2320 1929 2387 et
1949 2312 2214 2386 civitati
2242 2313 2318 2385 in
2347 2312 2781 2408 qua·injuria
2804 2311 3061 2385 artifici

822 2428 1031 2501 fuerit
1071 2427 1290 2501 illata.
1351 2425 1671 2526 Supersit
1720 2435 1957 2501 autem
2008 2435 2074 2502 et
2128 2429 2545 2502 immunitas
2595 2434 2666 2502 et
2722 2427 3063 2502 securitas

822 2543 986 2617 data
1019 2543 1106 2617 ab
1137 2543 1767 2640 Amphictionibus
1794 2544 2189 2618 artificibus
2226 2546 2353 2641 qui
2402 2549 2565 2617 sunt
2598 2545 2929 2633 Athenis,
2984 2546 3059 2618 in

822 2683 1038 2734 omne
1069 2668 1378 2758 tempus,
1429 2684 1654 2759 quum
1695 2661 1837 2734 sint
1886 2663 2064 2735 sacri
2102 2669 2170 2736 et
2214 2661 2557 2734 inviolati.
2623 2661 2887 2735 Scribis
2940 2683 3069 2734 cu-

827 2777 1134 2851 randum
1163 2777 1251 2852 sit
1298 2785 1372 2852 ut
1409 2777 1546 2852 hoc
1587 2778 1953 2852 decretum
1986 2778 2265 2851 tabulae·
2295 2801 2713 2853 marmoreae
2740 2778 3062 2851 incidant

820 2901 889 2966 et
917 2893 993 2966 in
1031 2894 1302 2990 templo
1340 2901 1772 2991 proponant,
1818 2896 2099 2970 mittant
2128 2917 2419 2991 quoque
2456 2894 2545 2968 ad
2593 2894 3063 2969 Athenienses

819 3010 1037 3107 hujus
1085 3011 1353 3084 decreti
1415 3010 1824 3107 exemplum
1884 3010 2365 3108 obsignatum,
2427 3019 2505 3085 ut
2566 3010 2796 3084 sciant
2840 3010 3065 3082 Athe-

821 3126 1106 3199 nienses
1137 3125 1759 3223 Amphictionibus
1786 3128 2092 3201 maxime
2120 3128 2319 3201 cordi
2350 3150 2505 3200 esse
2528 3148 2695 3224 erga
2718 3126 2891 3200 deos
2925 3128 3067 3221 pie-

823 3247 1040 3315 tatem
1094 3249 1168 3316 et
1229 3242 1684 3339 comprobari
1748 3243 2186 3339 rogationem
2266 3244 2662 3331 artificum,
2732 3244 3069 3340 ipsosque

824 3359 1107 3432 studere
1141 3366 1220 3432 ut
1258 3360 1332 3432 in
1367 3358 1690 3432 futurum
1722 3365 1791 3431 et
1818 3359 1977 3432 haec
2012 3366 2289 3434 servent
2319 3360 2395 3432 in
2438 3382 2655 3433 omne
2686 3365 2972 3456 tempus
2998 3366 3068 3433 et

825 3473 1175 3570 quidquid
1228 3475 1429 3550 aliud
1464 3473 1640 3548 boni
1698 3474 2010 3548 habeant
2050 3474 2582 3549 decernendum
2621 3473 2711 3548 de
2766 3474 3069 3548 scenicis

826 3590 1244 3665 artificibus,
1285 3592 1528 3688 Legati
1568 3597 1775 3664 erant
1802 3590 2248 3688 AstydamaS‚
2287 3590 2798 3688 tragoediarum
2828 3597 3065 3687 poeta,

830 3706 1315 3781 Aristodemus
1349 3710 1434 3801 (?)
1470 3708 1853 3804 tragoeduS.

945 3846 976 3884 «
1019 3822 1073 3890 E
1131 3819 1424 3893 MetroO.
1488 3822 1930 3893 Demostrato
1995 3819 2377 3907 archonte,
2443 3842 2687 3894 mense
2746 3819 3071 3894 Boedro-

829 3934 1091 4007 mione.
1123 3936 1517 4009 Consilium
1565 3936 2155 4032 Amphictionum
2210 3936 2759 4010 Atheniensium
2793 3938 3071 4011 senatui

829 4056 900 4123 et
933 4049 1203 4148 populo
1243 4051 1573 4126 salutem.
1624 4054 1864 4137 Quum
1894 4051 1984 4125 ad
2023 4074 2154 4125 nos
2200 4054 2528 4126 venerint
2577 4050 2788 4150 legati
2842 4052 3071 4127 artifi-

827 4264 1102 4342 Repetiit
1127 4283 1204 4325 ex
1230 4266 1516 4346 exemplo
1545 4284 1753 4345 graeco
1772 4271 1837 4327 et
1864 4266 2195 4328 chartaceo
2222 4273 2373 4347 typo
2394 4266 2695 4327 Wescher
2716 4265 3067 4347 (Memoires

826 4360 1144 4437 presentes
1189 4362 1226 4420 a
1264 4360 1645 4421 l’Aeademie
1693 4361 1803 4421 des
1848 4360 2270 4439 inscription8‚
2318 4367 2368 4422 t.
2414 4362 2573 4436 VIII,
2622 4380 2688 4440 p.
2728 4362 2895 4443 202).
2932 4363 3061 4441 Ipse

828 4451 1037 4511 denuo
1062 4451 1321 4514 titulum
1347 4454 1660 4529 recensui,
1696 4471 1886 4533 quem
1914 4454 2123 4533 aliqua
2150 4473 2226 4513 ex
2250 4458 2429 4532 parte
2458 4460 2718 4515 auctum
2744 4460 2808 4517 et
2830 4456 3060 4536 aliquot

825 4544 980 4605 locis
1002 4547 1405 4608 emendatum
1432 4547 1668 4627 publici
1692 4548 1857 4627 juris
1877 4548 2083 4609 faeere
2109 4548 2267 4608 mihi
2298 4548 2365 4607 in
2393 4548 2607 4609 animo
2636 4554 2755 4612 est.
