3392 5500
1765 539 2062 599 ...88-

786 678 1264 749 Romanorum
1307 671 1569 768 quibus
1609 670 2143 744 benefactorum
2183 694 2447 744 nomen
2494 671 2834 745 tribuitur
2879 670 3011 770 (1).

783 794 863 863 ln
915 789 1176 862 Iasensi
1236 786 1467 877 titulo,
1524 785 1812 860 eosdem
1857 787 2121 860 scenici
2177 786 2542 884 appellant
2595 810 3017 861 communes

779 907 1252 980 Asiaticorum
1298 904 1655 979 artificum
1692 914 2074 977 servatores
2123 902 2254 1003 (2).
2303 904 2404 976 Ex
2442 927 2586 1002 quo
2635 903 2871 978 videre
2915 912 3022 977 est

780 1047 928 1097 non
966 1024 1319 1095 minorem
1356 1020 1573 1094 fuisse
1606 1044 1859 1094 eorum
1891 1022 2083 1116 apud
2112 1044 2329 1094 novos
2361 1020 2656 1094 Graeciae
2689 1021 3020 1095 dominos

780 1165 996 1239 quam
1029 1140 1217 1238 apud
1258 1139 1698 1214 Macedoniae
1738 1162 1934 1235 reges
1971 1140 2294 1235 gratiam.

883 1259 1092 1332 Haud
1138 1257 1342 1329 inviti
1393 1256 1608 1352 igitur
1656 1256 1961 1329 artifices
2015 1254 2576 1330 dominationem
2619 1256 3023 1332 Romanam

782 1379 1237 1471 acceperunt,
1269 1374 1415 1445 imo
1454 1372 1669 1444 etiam
1707 1371 2016 1445 libenter
2038 1371 2348 1467 amplexi
2377 1380 2570 1445 sunt.
2609 1371 2798 1446 lllud
2827 1380 3029 1447 nota-

784 1491 927 1566 bile
965 1500 1092 1580 est,
1136 1512 1361 1586 quum
1404 1510 1587 1562 nova
1635 1494 2034 1583 temporum
2074 1488 2252 1562 ratio
2284 1489 2359 1560 in
2393 1489 2678 1561 Achaiae
2716 1490 3030 1563 civitati-

784 1607 917 1681 bus
962 1606 1053 1679 ab
1092 1628 1332 1679 eversa
1362 1604 1704 1678 Corintho
1737 1604 2064 1677 instituta
2087 1610 2295 1693 esset,
2332 1605 2403 1676 in
2435 1604 2721 1678 decreto
2752 1607 3027 1702 Argivae

786 1721 1175 1796 sodalitatis
1204 1722 1508 1816 primam
1550 1742 1926 1794 occurrere
1957 1742 2155 1791 novae
2192 1721 2418 1793 aetatis
2455 1723 2922 1809 mentionem,
2962 1730 3035 1796 et

790 1841 864 1912 in
916 1839 1171 1912 eodem
1232 1836 1463 1923 titulo,
1533 1837 1854 1932 quamvis
1910 1837 2114 1933 Argis
2180 1837 2414 1910 adhuc
2472 1839 2732 1934 vigeret
2777 1840 3036 1912 Dorica

787 1955 1155 2043 dialectuS,
1218 1976 1677 2026 communem
1729 1950 2112 2025 dialectum
2151 1976 2294 2049 qua
2331 1954 2631 2027 Romani
2687 1956 2787 2027 uti
2837 1955 3031 2029 sole-

788 2071 1002 2161 bant,
1071 2068 1160 2143 ab
1219 2068 1609 2142 artificibus
1666 2075 2080 2165 usurpatam
2137 2068 2352 2143 fuisse
2409 2071 2540 2168 (3).
2599 2075 2745 2144 Nec
2792 2073 3035 2145 minus

794 2187 1105 2283 prompti
1146 2185 1437 2257 suerunt
1477 2183 1567 2257 ad
1605 2183 2035 2280 placendum
2075 2185 2405 2281 privatim
2452 2186 3030 2283 imperatoribuS,

796 2327 1104 2401 quorum
1134 2301 1480 2376 beneficia
1511 2290 1988 2397 rependerent
2020 2308 2142 2373 aut
2171 2302 2533 2375 elicerent.
2577 2304 2745 2377 Post
2771 2304 3037 2377 victum

798 2423 1073 2505 Persea,
1116 2441 1342 2514 quum
1371 2414 1845 2490 Macedonum
1876 2415 2185 2488 fautores
2215 2407 2482 2514 ubique
2527 2421 3042 2515 conquireren-

801 2545 919 2609 tur
979 2540 1049 2609 et
1097 2538 1399 2608 Romam
1439 2538 1933 2617 evocarentur,
1985 2531 2466 2606 nihilominus
2525 2534 2613 2608 ad
2667 2537 2894 2609 editos
2951 2537 3038 2610 ab

801 2654 1227 2749 imperatore
1267 2650 1476 2723 ludos
1505 2672 1589 2722 ex
1628 2650 1827 2721 omni
1871 2656 2067 2743 parte
2104 2670 2538 2723 concursum
2592 2660 2722 2725 est.
2779 2654 3042 2727 Paulus

804 2768 1136 2842 AEmilius
1199 2796 1229 2834 «
1257 2765 1642 2864 ludicrum,
1691 2764 1882 2861 quod
1921 2788 2004 2839 ex
2050 2766 2277 2841 multo
2324 2775 2488 2842 ante
2526 2778 3038 2867 praeparatum,

809 2890 878 2957 et
916 2884 991 2955 in
1024 2883 1206 2954 Asiae
1250 2882 1563 2956 civitates
1600 2888 1669 2955 et
1729 2881 1816 2955 ad
1869 2905 2063 2978 reges
2097 2883 2328 2955 missis
2375 2885 2499 2980 qui
2543 2884 3051 2962 denuntiarent

809 3005 906 3088 et,
984 3020 1209 3093 quum
1265 2999 1673 3071 circumiret
1737 2999 1887 3093 ipse
1945 2998 2234 3072 Graeciae
2293 3000 2629 3090 civitateS,
2702 3003 3052 3076 indixerat

813 3112 1283 3210 principibus,
1328 3136 1583 3208 magno
1649 3119 1992 3210 apparatu
2049 3113 2460 3211 Amphipoli
2512 3116 2700 3189 fecit.
2754 3120 2931 3191 Nam
2984 3127 3052 3192 et

814 3231 1169 3304 artificum
1206 3231 1439 3303 omnis
1472 3231 1775 3327 generiS,
1822 3231 1944 3326 qui
1984 3230 2336 3304 ludicram
2390 3240 2617 3306 artem
2669 3235 3046 3323 faciebant,

817 3370 899 3420 ex
931 3353 1077 3420 toto
1109 3346 1279 3419 orbe
1309 3352 1660 3420 terrarum
1687 3346 2104 3436 multitudO,
2147 3355 2218 3421 et
2258 3349 2691 3422 athletarum
2729 3358 2799 3424 et
2835 3352 3057 3425 nobi-

816 3466 995 3540 lium
1037 3490 1391 3563 equorum
1422 3469 1754 3540 convenit
1784 3465 1914 3566 (4).
1951 3496 1986 3535 »

914 3587 1069 3657 Jam
1140 3591 1332 3674 ante,
1398 3591 1674 3656 tantum
1747 3584 2194 3656 scenicorum
2259 3584 2577 3659 studium
2654 3590 3058 3665 eminuerat

818 3723 983 3797 erga
1030 3699 1310 3773 nobiles
1358 3703 1738 3789 RomanoS,
1801 3707 1876 3772 ut
1919 3698 2004 3772 ad
2064 3701 2467 3796 spectacula
2511 3727 2670 3798 quae
2725 3709 3060 3782 Romanis

823 3816 1102 3891 ostendi
1144 3816 1609 3912 magnificum
1650 3815 1879 3887 visum
1919 3814 2175 3903 suerat,
2220 3817 2293 3887 in
2337 3817 2610 3890 ltaliam
2645 3822 3052 3916 migrarent.

826 3938 1064 4020 Quum
1106 3932 1400 4004 Fulvius
1437 3932 1645 4004 ludos
1696 3954 1874 4027 quos
1917 3938 2192 4004 voverat
2228 3931 2415 4005 bello
2471 3934 2770 4010 AEtolico
2822 3941 3059 4012 Romae

824 4051 1077 4139 edidit,
1130 4080 1159 4118 «
1193 4051 1401 4123 multi
1448 4051 1756 4123 artifices
1781 4075 1866 4123 ex
1894 4051 2166 4124 Graecia
2197 4060 2547 4126 venerunt
2579 4055 2874 4130 honoris
2912 4062 3063 4156 ejus

900 4258 987 4339 (1)
1031 4260 1111 4319 Le
1140 4261 1282 4334 Bas,
1315 4259 1581 4338 Attique,
1614 4262 1904 4324 376-378.

905 4352 987 4432 (2)
1030 4355 1114 4413 Le
1143 4355 1263 4413 Bas
1291 4359 1353 4413 et
1379 4353 1834 4431 Waddington,
1865 4354 2052 4416 Inser.
2081 4355 2594 4436 d’Asz‘e-Mineure,
2623 4364 2762 4435 281,
2790 4363 2833 4425 1.
2869 4369 3001 4426 6-7.

903 4446 988 4526 (3)
1032 4449 1321 4520 Foucart,
1355 4447 1550 4508 Bevue
1576 4447 1853 4523 arche'ol„
1888 4452 2062 4526 1870,
2092 4456 2138 4511 t.
2173 4453 2246 4528 ΙΙ,
2281 4470 2342 4531 p.
2379 4455 2515 4515 107.

913 4539 996 4620 (4)
1038 4541 1267 4618 LiviuS,
1302 4542 1481 4618 XLV,
1516 4542 1626 4616 323
1661 4559 1827 4603 anno
1858 4547 1994 4605 167.
