3392 5500
1371 894 1489 969 Vl.

319 1128 503 1199 Qua
540 1127 857 1181 ”tione
904 1124 1241 1193 collegia
1289 1124 1609 1180 scenica
1656 1124 2243 1181 certaminibus
2291 1126 2551 1181 sacri-

850 1224 1187 1279 edcndis
1226 1235 1562 1293 open-am
1601 1218 2024 1279 dederint?

426 1431 500 1498 ln
561 1426 1036 1521 disputatione
1094 1422 1182 1497 de
1244 1448 1319 1497 re
1382 1422 1705 1515 ludicra,
1759 1447 1915 1498 sero
1973 1423 2062 1499 ad
2110 1425 2315 1499 ludos
2363 1426 2553 1522 ipsos

322 1540 614 1630 accedo,
658 1543 978 1637 ipsorum
1016 1540 1372 1614 artificum
1406 1541 1660 1614 rationi
1692 1541 2096 1630 obsecutuS‚
2143 1564 2450 1637 quorum
2477 1543 2556 1615 in

326 1659 814 1733 monumentis
856 1680 967 1732 res
1006 1658 1287 1731 scenica
1333 1659 1524 1753 parvi
1571 1658 1786 1731 fuisse
1813 1657 2091 1731 videtur
2125 1683 2272 1755 prae
2313 1682 2556 1732 rerum

330 1775 736 1848 divinarum
762 1797 931 1847 cura
969 1780 1038 1847 et
1069 1796 1311 1846 rerum
1341 1772 1656 1847 civilium
1691 1774 1783 1847 ad
1819 1774 2010 1869 ipsos
2049 1775 2560 1871 pertinentium

330 1890 593 1965 studio.
628 1891 888 1987 Utique
944 1872 1320 1987 diligenter
1364 1891 1836 1986 quaerendum
1866 1898 1970 1965 est
2012 1890 2373 1987 quomodo
2411 1916 2562 1966 sce-

331 2010 494 2082 nica
556 2004 854 2103 collegia
922 2006 1205 2080 muneri
1263 2029 1391 2088 suo
1448 2030 1594 2080 non
1657 2007 2054 2097 defuerint,
2104 2007 2369 2083 scilicet
2424 2030 2567 2105 qua

336 2126 612 2199 ratione
662 2124 976 2197 civitates
1023 2121 1213 2196 ludis
1252 2124 1466 2197 sacris
1507 2124 1826 2198 scenicos
1866 2122 2353 2215 adhibuerint,
2404 2150 2567 2198 rur-

340 2262 605 2335 susque
642 2238 777 2333 ipsi
807 2237 896 2310 ad
925 2236 1314 2334 placandos
1351 2237 1828 2334 colendosque
1866 2237 2036 2313 deos
2069 2261 2360 2335 operam
2391 2263 2571 2336 prae-

334 2355 649 2429 buerint.
1100 2354 1110 2363 '

438 2468 875 2561 Civitatibus,
926 2470 1001 2542 in
1037 2468 1298 2566 quibus
1328 2470 1683 2545 artificum
1713 2471 2010 2569 collegia
2045 2470 2281 2546 sedem
2311 2494 2572 2568 posue-

337 2594 543 2679 rant,
594 2586 926 2676 AtheniS,
984 2584 1283 2673 Thebis,
1338 2588 1513 2677 Teo,
1566 2611 1942 2685 nunquam
1990 2586 2080 2661 ad
2137 2587 2574 2685 peragendos

335 2704 546 2780 ludos
576 2704 841 2778 scenici
871 2705 1185 2779 deerant.
1221 2706 1600 2796 Praeterea,
1640 2713 1934 2780 cautum
1970 2705 2105 2780 fuit
2147 2707 2442 2782 Athenis
2481 2731 2572 2782 ne

334 2823 501 2922 quis
538 2846 787 2897 eorum
827 2821 1064 2896 debita
1112 2845 1330 2918 opera
1376 2824 1730 2896 civitatem
1788 2821 2151 2897 fraudaret
2191 2831 2261 2898 et
2305 2825 2576 2898 mulcta

336 2941 667 3036 irrogata,
697 2939 753 3011 si
784 2939 943 3035 quis
977 2939 1052 3011 in
1072 2946 1392 3035 tempore
1421 2939 1765 3013 festorum
1799 2963 1944 3012 non
1983 2938 2279 3014 adesset.
2308 2943 2576 3014 Exem-

338 3054 459 3153 plo
509 3061 617 3129 est
642 3054 1019 3128 Thessalus
1064 3055 1464 3152 tragoedus;
1523 3056 1582 3128 is
1622 3079 1850 3152 quum
1897 3053 2278 3129 Alexandri
2322 3056 2568 3153 gratia,

338 3197 491 3248 sese
536 3169 623 3244 ad
664 3172 1054 3245 certamina
1080 3172 1154 3243 in
1185 3171 1551 3245 Phoenic‘ia
1582 3173 1893 3246 maximo
1922 3179 2264 3268 apparatu
2298 3171 2578 3244 edenda

337 3287 782 3376 contulisset,
842 3288 1173 3384 Dionysia
1220 3286 1563 3406 desequi'ffi
1613 3277 1902 3396 pro—‘pter
1947 3287 2142 3384 quod
2195 3289 2576 3361 mulctatus

340 3405 431 3480 ab
469 3403 1027 3478 Atheniensibus
1072 3427 1309 3500 regem
1348 3405 1615 3502 rogavit
1651 3412 1730 3478 ut
1770 3420 1896 3501 per
1938 3402 2205 3478 litteras
2245 3405 2336 3478 ad
2368 3404 2583 3477 Athe-

342 3523 627 3595 nienses
658 3521 906 3593 missas
936 3544 1096 3594 eam
1140 3520 1484 3594 mulctam
1517 3522 2057 3618 deprecaretur3
2094 3544 2307 3615 quam
2333 3534 2582 3593 contra

341 3637 741 3712 Alexander
767 3637 918 3733 ipse
954 3635 1223 3711 solvere
1252 3636 1507 3710 maluit
1540 3639 1664 3732 (1).
1700 3639 1792 3708 At
1830 3637 1974 3710 suis
2013 3659 2161 3708 non
2194 3643 2574 3722 contentae,

345 3752 618 3828 eaedem
672 3752 983 3826 civitates
1033 3759 1360 3840 externos
1418 3776 1707 3850 quoque
1755 3753 2058 3826 artifices
2109 3753 2181 3823 in
2247 3752 2584 3826 ludorum

348 3894 645 3944 suorum
685 3869 1271 3942 communionem
1314 3867 1786 3943 admittebant
1828 3875 2040 3965 atque
2075 3868 2289 3942 etiam
2331 3869 2582 3941 invita-

349 3986 548 4061 bant.
591 3985 891 4059 Athenis
924 4007 1211 4082 nempe,
1255 3985 1631 4082 plerosque
1672 3983 1998 4059 tibicines
2038 3984 2163 4082 qui
2207 3985 2282 4058 in
2328 3983 2588 4058 sabulis

350 4103 641 4203 agendis
693 4110 819 4177 aut
868 4103 943 4175 in
992 4103 1228 4179 choris
1284 4103 1674 4194 canebant,
1729 4099 2144 4200 magistrum
2202 4101 2588 4200 aliquando

354 4223 621 4320 ipsum,
666 4222 1077 4320 peregrinos
1136 4220 1353 4296 fuisse
1409 4220 1713 4318 probant
1767 4220 2242 4317 choragorum
2293 4219 2593 4295 dedica-

356 4342 587 4416 tiones
622 4339 751 4436 (2).

444 4580 525 4661 (1)
576 4577 922 4656 Plutarch„
954 4578 1277 4656 Alea-and„
1310 4583 1410 4642 29.
1435 4611 1516 4650 -ε
1534 4577 1622 4659 (2)
1645 4580 1730 4641 Le
1759 4579 1902 4654 Bas,
1930 4577 2198 4658 Attique,
2228 4580 2516 4640 4662474·
