3392 5500
24 152 36 419 —vf-———-
29 75 30 91 ⁴
26 18 28 55 μ,

1348 536 1668 596 ...35-

399 672 532 745 fuit
573 669 599 770 (
618 669 703 768 t),
742 670 838 742 ita
867 670 1315 741 scenicorum
1345 670 1708 745 amoribus
1731 669 2068 767 etjurgiis
2099 669 2489 765 permixtus
2524 664 2628 764 (2)

398 794 473 861 ut
505 791 865 859 Eumenes
896 787 1301 883 indignatus
1341 787 1761 862 exclamaret
1792 790 1939 885 jam
1972 786 2406 882 projicienda
2436 805 2634 856 arma

397 910 468 977 et
493 903 697 977 tibias
726 903 977 976 inflare
1007 909 1075 975 et
1104 903 1473 999 tragoedias
1500 928 1705 1001 agere
1735 900 2156 977 discendum
2188 899 2319 999 (3).
2361 904 2633 973 Rursus

396 1020 659 1093 scenici
700 1018 918 1092 effuse
972 1020 1115 1115 regi
1172 1044 1386 1116 supra
1438 1021 1837 1094 humanum
1880 1020 2173 1093 modum
2231 1016 2635 1112 exsurgenti

399 1135 973 1225 blandiebantur,
1016 1144 1085 1209 et
1122 1137 1653 1213 adulationibus
1684 1140 2073 1211 immanem
2117 1133 2525 1232 superbiam
2565 1140 2637 1211 et

396 1252 861 1346 impotentem
896 1251 1339 1324 iracundiam
1381 1252 1850 1327 efferaverunt
1889 1274 2050 1348 quae
2098 1248 2385 1325 tandem
2418 1248 2493 1321 in
2527 1270 2638 1321 so-

398 1366 674 1439 ciorum
712 1373 783 1437 et
820 1366 1217 1439 amicorum
1254 1366 1483 1441 caedes
1519 1370 1778 1465 erupit.

492 1482 886 1555 Alexandro
944 1489 1253 1574 mortuo,
1318 1483 1535 1557 duces
1593 1491 1934 1581 tanquam
1980 1482 2416 1557 haereditatis
2479 1481 2634 1579 ejus

395 1608 689 1698 partem,
751 1600 1196 1675 scenicorum
1236 1601 1549 1676 studium
1610 1603 2080 1676 retinuerunt.
2149 1600 2360 1697 Apud
2417 1622 2633 1673 novos

398 1740 594 1813 reges
626 1740 760 1789 nec
799 1718 1035 1789 minus
1073 1719 1356 1814 gratiosi
1393 1718 1681 1792 fuerunt
1726 1718 2058 1807 artificeS,
2101 1740 2236 1789 nec
2264 1717 2505 1789 minus
2544 1714 2634 1787 ad

397 1832 917 1906 blandiendum
952 1832 1181 1907 effusi.
1228 1834 1753 1930 Largitionibus
1786 1834 2083 1931 expleti,
2123 1832 2318 1906 festis
2357 1839 2425 1905 et
2468 1854 2635 1905 con-

395 1950 592 2022 viviis
629 1948 948 2041 admixti,
991 1950 1176 2024 inter
1211 1952 1475 2024 amicos
1518 1952 1733 2025 etiam
1773 1959 1840 2024 et
1880 1949 2206 2025 custodes
2243 1950 2468 2047 regios
2514 1950 2638 2023 ad-

397 2066 882 2153 mittebantur,
920 2091 1052 2141 nec
1084 2091 1155 2141 se
1186 2068 1571 2143 mimorum
1604 2077 1672 2141 et
1703 2075 2098 2141 ceterorum
2128 2060 2632 2140 circulatorum

402 2182 662 2279 quibus
722 2206 1007 2280 quoque
1073 2184 1466 2275 favebatur,
1526 2187 1946 2282 contagione
2006 2184 2232 2281 pollui
2281 2184 2632 2280 indignati

400 2306 592 2371 sunt.
644 2303 849 2385 ‚Quos
904 2322 1268 2374 recensere
1332 2302 1538 2374 taedet
1571 2328 1589 2390 3
1656 2303 1874 2374 unius
1942 2308 2220 2374 tantum
2279 2300 2632 2372 nefarium

402 2417 632 2519 scelus
669 2415 1177 2489 exsecrandum
1226 2424 1353 2508 est,
1402 2419 1685 2492 Archiae
1721 2418 2011 2507 scilicet,
2057 2418 2303 2515 tragici
2344 2418 2626 2490 actoris,

403 2538 493 2622 ls,
532 2531 897 2606 debellatis
927 2535 1118 2630 apud
1150 2524 1549 2609 Cranonem
1579 2533 2140 2608 Atheniensibus
2169 2540 2240 2606 et
2269 2532 2635 2631 deplorata

392 2632 686 2721 'Graeciae
724 2649 1076 2742 libertate,
1119 2650 1469 2746 Antipatri
1514 2649 1842 2724 vindictae
1883 2651 2230 2740 minister,
2268 2673 2386 2723 eos
2430 2674 2634 2724 com-

399 2767 889 2862 prehendendi
930 2769 1054 2865 qni
1092 2767 1597 2842 Macedonibus
1627 2767 1970 2842 adversati
2013 2768 2320 2856 fuerant,
2370 2791 2634 2840 munus

401 2884 706 2979 suscepit
729 2910 748 2971 ;
773 2885 831 2956 is
848 2885 1118 2979 AEginae
1143 2892 1504 2958 assecutus
1537 2885 2042 2974 Aristonicum,
2071 2885 2506 2958 Himeraeum
2531 2890 2637 2957 at-

401 3021 541 3094 que
576 2999 1003 3095 Hyperidem
1034 3023 1072 3073 e
1098 3000 1263 3073 sano
1284 3003 1479 3075 AEaci
1500 3000 1829 3096 abreptos
1861 3003 2230 3098 Antipatro
2262 2999 2636 3074 caedendos

401 3114 722 3203 tradidit3
756 3117 815 3188 is
836 3117 1386 3190 Demosthenem
1408 3118 1481 3188 in
1509 3117 1671 3190 fano
1694 3119 2003 3212 Neptuni
2023 3117 2416 3214 supplicem
2444 3140 2636 3191 mor-

400 3237 541 3303 tem
583 3231 715 3303 sibi
760 3234 1196 3306 consciscere
1231 3234 1478 3329 coegit,
1511 3239 1709 3307 tanto
1753 3233 2098 3307 serviendi
2129 3234 2363 3307 studio
2395 3240 2474 3306 ut
2507 3234 2634 3308 ho-

400 3349 576 3420 mini
598 3348 1167 3446 Phygadotheras
1197 3373 1592 3446 cognomen
1628 3349 1718 3424 ab
1741 3349 2050 3446 antiquis
2077 3351 2482 3424 inureretur
2499 3348 2627 3449 (4).

402 3466 624 3562 Digna
676 3464 809 3538 suit
860 3463 1027 3539 sa'ne
1085 3466 1206 3538 illa
1263 3466 1708 3539 scenicorum
1766 3467 2168 3563 proditione
2227 3490 2441 3563 poena
2497 3474 2616 3554 ut,

398 3606 623 3678 quum
685 3582 1088 3674 AEschineS,
1147 3583 1633 3657 Aristodemus
1656 3643 1672 3674 ,
1738 3583 2238 3680 Neoptolemus
2294 3584 2626 3656 adversus

400 3681 697 3795 patriam
732 3699 1040 3796 Philippi
1078 3704 1310 3795 partes
1338 3700 1545 3773 tutati
1574 3706 1834 3790 essent,
1871 3723 1954 3773 ex
1982 3698 2229 3773 eodem
2269 3699 2624 3773 artificum

400 3839 692 3913 corpore
723 3817 1084 3891 exsisteret
1115 3818 1420 3912 tragicus
1462 3816 1714 3889 histrio
1754 3816 1877 3912 qui
1920 3838 2160 3889 vocem
2200 3813 2506 3919 publicae
2544 3813 2629 3885 li—

400 3931 687 4007 bertatis
724 3940 794 4006 et
821 3957 1069 4029 graecae
1101 3933 1524 4028 eloquentiae
1561 3932 1809 4006 lumen
1848 3933 2344 4028 exstingueret.

478 4167 550 4245 (1)
597 4165 917 4226 Plutarch.
925 4211 945 4240 ,
975 4164 1297 4240 Alemand„
1328 4169 1424 4226 67.

474 4260 556 4337 (Ξ)
602 4258 945 4330 Plutarch„
975 4258 1276 4318 Alexand.
1312 4258 1749 4339 apopktkeqm„
1783 4263 1878 4321 20.

474 4353 560 4434 (3)
604 4354 947 4428 Plutarch„
980 4353 1233 4412 Eumen.
1261 4356 1318 4412 ΕΞ.
1652 4369 1657 4374 ·

475 4449 556 4528 (4)
601 4447 947 4523 Plutarch.,
989 4447 1383 4522 Demosthen„
1424 4449 1643 4524 28-293
1690 4446 1805 4509 Vit.
1841 4447 2025 4507 decem
2071 4445 2260 4524 Orat.,
2303 4447 2464 4524 VIII,
2510 4449 2627 4521 423

391 4543 493 4618 IX,
529 4544 622 4602 11.
1406 4577 1408 4581 «
