3392 5500
1439 450 1717 510 ...5-

459 583 594 655 nisi
625 604 784 655 vere
824 581 1096 678 aliquid
1139 583 1563 656 sacrosancti
1604 581 1930 678 choragis
1968 583 2196 655 inesse
2222 583 2691 661 Athenienses

459 700 936 796 putavissent?
996 696 1184 785 Quid
1222 704 1433 770 reus?
1463 701 1619 770 Non
1650 698 1737 771 de
1766 699 1930 794 jure
1979 698 2343 794 disceptat,
2380 723 2511 773 nec
2549 702 2688 775 tale

457 815 800 890 delictum
841 822 1068 889 morte
1102 840 1246 889 non
1276 838 1424 888 esse
1455 815 1801 914 piandum
1832 814 2218 906 contendit,
2255 815 2403 905 sed,
2438 818 2693 892 confu-

465 934 662 1029 giens
700 934 790 1007 ad
817 933 1150 1030 argutiaS‚
1196 931 1749 1006 Demosthenem
1779 939 2057 1028 sponte,
2095 955 2243 1005 non
2282 940 2467 1008 sorte
2496 933 2692 1008 desi-

462 1056 783 1144 gnatum,
805 1049 1095 1145 choragi
1122 1071 1384 1120 munus
1407 1047 1706 1122 subiisse
1727 1056 2093 1138 asseverat,
2127 1049 2318 1124 unde
2337 1051 2687 1146 privatum

460 1188 606 1237 non
645 1149 1020 1260 publicum
1057 1164 1425 1238 hominem
1455 1185 1496 1236 a
1524 1187 1597 1236 se
1627 1163 1971 1236 violatum
2006 1162 2245 1254 fuisse,
2291 1189 2438 1240 rem
2478 1173 2697 1240 totam

459 1283 550 1356 ad
565 1283 684 1378 jus
707 1304 1090 1355 commune
1124 1280 1492 1353 retrahens
1513 1279 1637 1378 (1).
1669 1282 1770 1351 Ex
1796 1303 1938 1376 quo
1964 1281 2129 1353 satis
2156 1289 2347 1377 patet
2374 1285 2461 1355 de
2484 1307 2695 1380 poena

459 1401 618 1495 ipsa·
663 1398 1213 1472 controversiam
1278 1395 1552 1469 nullam
1603 1397 1871 1469 moveri
1921 1397 2259 1491 potuisse,
2318 1398 2437 1471 sed
2496 1399 2568 1471 in
2610 1423 2694 1473 eo

459 1514 704 1587 omnia
738 1513 996 1586 versari
1028 1519 1267 1584 utrum
1315 1513 1828 1586 Demosthenes
1865 1513 2179 1608 privatus
2217 1513 2435 1588 homo
2483 1515 2696 1590 fuerit

439 1654 551 1710 ,an
603 1628 936 1725 publicus
992 1628 1256 1700 Bacchi
1317 1629 1666 1701 minister.
1732 1630 2063 1702 Ceterum
2108 1629 2245 1704 hac
2291 1631 2443 1727 lege
2496 1631 2697 1705 nulla

458 1744 648 1842 apud
685 1745 1160 1818 Athenienses
1192 1745 1502 1819 sanctior
1531 1752 1650 1816 aut
1671 1745 2009 1818 vetustior
2038 1745 2276 1819 habita
2306 1751 2434 1834 est,
2472 1746 2693 1843 siqui—

459 1863 622 1937 dem
651 1863 942 1951 oratori‚
982 1863 1274 1935 nemine
1308 1862 1747 1952 adversante,
1783 1861 2141 1935 affirmare
2170 1860 2370 1935 licuit
2415 1889 2431 1935 ε
2488 1891 2521 1930 «
2556 1865 2693 1935 Ea-

458 1981 621 2055 dem
660 1986 764 2054 est
801 1979 916 2052 lex
954 1978 1042 2053 de
1078 1979 1424 2074 mysteriis
1463 2002 1622 2076 quae
1657 1976 1746 2052 de
1786 1977 2158 2073 DionysiiS,
2198 1986 2267 2050 et
2296 1977 2418 2051 illa
2456 2000 2695 2051 recen-

455 2098 596 2170 tius
627 2119 845 2194 quam
877 2097 1034 2169 haec
1064 2095 1204 2169 lata
1229 2093 1359 2194 (2).
1402 2124 1435 2162 »

554 2215 661 2287 Ad
698 2213 857 2286 haec
902 2219 1117 2285 tantae
1167 2211 1445 2308 pietatis
1491 2211 1566 2282 in
1616 2209 1919 2284 colendo
1974 2211 2250 2284 Baccho
2291 2211 2693 2286 testimonia

456 2332 514 2404 si
554 2331 714 2428 quis
761 2328 1075 2402 advertat
1116 2328 1464 2413 animum,
1526 2327 1846 2422 profecto
1899 2326 2141 2398 minus
2191 2327 2492 2400 miretur
2543 2334 2691 2402 tam

457 2448 806 2520 diversam
835 2445 1049 2518 fuisse
1089 2443 1277 2541 apud
1309 2447 1589 2518 Graecos
1628 2449 1698 2516 et
1735 2441 1925 2539 apud
1964 2446 2319 2516 Romanos
2365 2445 2689 2519 scenico-

458 2587 619 2637 rum
660 2562 1016 2636 artificum
1046 2561 1558 2649 conditionem,
1591 2568 1658 2633 et
1684 2561 1760 2633 in
1802 2560 1937 2633 hac
1976 2558 2451 2657 disputatione
2479 2560 2686 2635 facile

455 2681 833 2779 perspiciat
869 2703 1014 2753 non
1053 2678 1267 2755 modo
1299 2701 1459 2776 quae
1499 2677 1739 2766 fuerit,
1776 2676 1895 2751 sed
1928 2678 2141 2750 etiam
2174 2677 2433 2775 quibus
2463 2679 2692 2753 causis

455 2798 793 2872 exstiterit
831 2820 1080 2872 eorum
1117 2796 1584 2893 collegiorum
1615 2802 1809 2869 tanta
1842 2796 2238 2869 aestimatio.

552 2920 724 3003 Quae
783 2914 870 2988 de
930 2913 1348 3003 artificibuS,
1415 2921 1576 2987 ante
1639 2912 2025 2988 Alexandri
2086 2913 2323 3010 Magni
2377 2920 2682 3003 aetatem,

454 3034 828 3128 scriptores
858 3032 1308 3105 tradiderunt
1354 3054 1548 3104 nunc
1595 3032 1865 3118 omitto,
1912 3029 2193 3127 singula
2220 3031 2295 3102 in
2336 3038 2683 3126 tempore,

453 3158 665 3246 prout
713 3173 892 3245 opus
943 3148 1102 3235 erit,
1165 3150 1615 3244 repetiturus.
1679 3147 1810 3220 Illa
1870 3155 2183 3243 tempora
2234 3148 2684 3243 potissimum

452 3273 870 3363 persecutus
917 3288 1103 3354 sum,
1153 3264 1412 3361 quibus
1465 3263 1684 3359 viguit
1729 3286 1840 3337 res
1888 3286 2133 3336 eorum
2176 3265 2299 3359 qui
2338 3265 2578 3335 Graece
2625 3268 2683 3332 οἱ

453 3387 584 3481 περὶ
633 3387 738 3453 τὸν
780 3384 1063 3453 Διόνυσον
1121 3392 1438 3476 τεχνῖται,
1491 3381 1738 3453 Latine
1804 3381 2049 3452 scenici
2096 3380 2385 3465 artifice-s·
2434 3378 2691 3453 dicun-

453 3508 574 3574 tur
611 3500 743 3599 (3).
781 3502 1176 3595 Supersunt
1216 3500 1406 3571 enim
1443 3520 1590 3569 non
1628 3497 1837 3594 pauci
1878 3496 2093 3584 tituli,
2151 3494 2270 3568 alii
2301 3496 2447 3593 jam
2489 3498 2685 3592 prius

453 3619 630 3707 noti,
665 3617 903 3713 plures
944 3616 1056 3687 his
1099 3613 1497 3687 novissimis
1547 3614 1750 3684 annis
1802 3612 2074 3705 effossi,
2136 3636 2439 3709 quorum
2494 3636 2683 3687 non-

455 3733 691 3807 nullos
732 3734 879 3830 ipse
926 3730 1196 3828 publici
1238 3729 1420 3826 juris
1475 3728 1638 3819 feci,
1675 3728 2049 3825 plerosque
2092 3730 2267 3827 typis
2296 3730 2686 3803 chartaceis

533 3982 614 4063 (1)
660 3980 1006 4056 Demosth.,
1040 3979 1100 4039 in
1129 3979 1397 4058 Medeam,
1433 3995 1683 4057 argum.
1718 3983 1781 4039 et
1807 3982 2017 4041 24-29.

530 4076 612 4157 (2)
660 4075 1007 4151 Demosth.,
1035 4072 1212 4145 lbid„
1250 4077 1385 4135 175.
1425 4104 1430 4113 ·

535 4171 618 4247 (3)
660 4171 731 4230 In
773 4168 1224 4230 transferendis
1263 4169 1480 4247 graecis
1517 4167 1750 4243 verbiS,
1797 4170 2003 4230 Latini
2047 4170 2272 4230 Bacchi
2300 4169 2686 4230 mentionem

451 4264 818 4336 omiserunt,
869 4254 1017 4343 quia
1062 4266 1276 4323 Romae
1304 4282 1404 4324 res
1431 4263 1674 4324 ludicra
1704 4282 2104 4343 nequaquam
2140 4283 2283 4325 cum
2326 4264 2493 4324 illius
2535 4264 2683 4323 reli-

452 4360 637 4437 gione
663 4358 997 4437 conjuncta
1023 4358 1170 4433 fuit;
1206 4376 1396 4437 quam
1424 4364 1639 4418 tamen
1667 4358 2142 4419 translationem
2170 4360 2361 4437 vulgo
2402 4379 2439 4419 a
2473 4357 2684 4419 latinis

453 4451 862 4531 scriptoribus
883 4458 1250 4531 usurpatam
1275 4452 1339 4513 in
1368 4452 1487 4513 hac
1512 4452 1933 4532 disputatione
1964 4452 2219 4513 retinui.
2666 4457 2670 4460 “
