3392 5500
1737 506 2054 564 ...94—

780 636 1229 733 imperatoris
1258 634 1653 733 patrocinio
1691 643 2211 727 consecratum,
2244 634 2546 710 decretis
2585 659 2730 709 su1s
2771 638 3013 710 amoi-

780 754 1041 827 tiosum
1074 753 1389 843 [titulum
1448 756 1836 851 praeposuit
1870 752 2004 853 (1).
2047 754 2254 841 Quod
2300 755 2831 828 incrementum
2869 758 3012 828 Ha-

780 869 1013 944 driani
1053 869 1494 967 temporibus
1535 871 1871 968 assignari
1911 894 2113 968 posse
2142 878 2490 946 testantur
2523 870 2667 944 duo
2697 870 3007 968 lapides;

784 1012 972 1061 unus
1009 987 1255 1085 graecis
1303 994 1373 1062 et
1404 987 1644 1061 latinis
1683 986 1914 1062 verbis
1955 996 2339 1085 conceptus
2390 988 2725 1062 Nemausi
2771 1011 3016 1086 reper-

782 1112 897 1177 tus
938 1111 1069 1194 est,
1115 1104 1238 1178 sed
1285 1103 1637 1178 nonnulla
1680 1106 2052 1202 perierunt
2094 1111 2217 1179 aut
2266 1128 2307 1178 a
2361 1103 2710 1178 scribente
2758 1108 3021 1179 omissa

785 1226 990 1309 sunt;
1036 1221 1369 1308 alterum,
1417 1244 1631 1317 quem
1692 1218 2063 1319 descripsit
2110 1227 2181 1296 et
2231 1218 2453 1296 edidit
2499 1220 3010 1320 Waddington‚

784 1338 999 1436 paulo
1032 1339 1217 1411 infra
1244 1337 1542 1411 afferam
1578 1334 1714 1437 (2).

885 1456 1083 1529 Idem
1136 1455 1613 1551 patrocinium
1654 1455 1960 1551 suscepit
2003 1455 2345 1531 Hadriani
2387 1456 2614 1545 filius3
2657 1454 2850 1555 quod
2888 1455 3020 1529 de-

788 1571 1007 1645 clarat
1040 1571 1220 1668 lapis
1258 1572 1532 1645 Atticus
1574 1595 1589 1642 :
1649 1600 1682 1639 «
1722 1575 2098 1645 Decretum
2131 1597 2344 1646 sacrae
2391 1572 2845 1663 Hadrianeae,
2876 1576 3006 1645 An·

790 1688 1054 1761 toninae
1081 1688 1480 1785 thymelicae
1512 1688 2009 1785 peripolisticae
2039 1713 2314 1787 magnae
2341 1689 2589 1787 synodi
2616 1714 2868 1764 eorum
2897 1690 3024 1788 qui

670 1826 677 1832 ·
794 1828 879 1879 ex
921 1813 1075 1882 toto
1123 1806 1295 1881 orbe
1343 1812 1695 1880 terrarum
1750 1807 1936 1881 circa
1973 1807 2337 1881 Bacchum
2389 1813 2457 1882 et
2510 1812 3021 1905 Imperatorem

791 1927 1141 1998 Caesarem
1188 1927 1269 1995 T.
1317 1923 1584 1996 AElium
1646 1922 2087 1997 Hadrianum
2137 1925 2582 1999 Antoninum
2625 1927 3024 2022 Augustum

794 2042 1024 2132 Pium,
1063 2064 1328 2114 novum
1359 2040 1753 2129 Bacchum,
1796 2056 1986 2133 sunt,
2021 2042 2374 2115 artificum
2409 2038 2540 2142 (3).
2575 2070 2608 2109 »

891 2161 993 2231 Ex
1037 2158 1176 2232 alio
1227 2156 1433 2231 titulo
1472 2162 1744 2231 constat
1784 2157 2242 2247 Caracallam‚
2282 2182 2508 2255 quum
2557 2181 2630 2232 se
2669 2156 3022 2231 haeredem

791 2275 1321 2349 Antoninorum
1370 2280 1439 2349 et
1478 2274 1855 2349 Commodi
1911 2276 2124 2348 etiam
2183 2282 2513 2372 nepotem
2554 2276 2876 2373 jactaret,
2925 2274 3028 2347 li-

792 2392 1047 2466 benter
1077 2394 1240 2465 novi
1270 2391 1529 2464 Bacchi
1558 2414 1952 2488 cognomen
1981 2390 2068 2464 ab
2095 2391 2487 2465 artificibus
2517 2392 2865 2488 accepisse
2890 2389 2990 2490 (4)
3001 2417 3018 2479 3

792 2511 985 2585 unde
1030 2512 1109 2583 fit
1140 2507 1522 2583 verisimile
1566 2516 1633 2583 et
1677 2513 1994 2582 Marcum
2032 2508 2403 2582 Aurelium
2437 2499 2518 2583 et'
2549 2508 3027 2584 Commodum

795 2628 1044 2701 eodem
1083 2626 1360 2724 collegii
1395 2626 1790 2723 patrocinio
1823 2625 2105 2700 functos
2146 2649 2318 2701 esse.

894 2745 1066 2830 Quae
1098 2742 1466 2832 vocabula,
1516 2747 1591 2815 ut
1632 2743 1711 2815 fit
1755 2741 1828 2814 in
1872 2742 2393 2817 recentioribus
2431 2743 2682 2837 titulis,
2717 2742 3028 2841 plurima

796 2868 1305 2959 congeruntur,
1341 2885 1424 2935 ea
1456 2860 1661 2934 facile
1691 2868 1798 2933 est
1830 2860 2303 2956 interpretari.
2350 2861 2561 2934 Sacra
2591 2862 2882 2957 quidem
2913 2862 3026 2934 di—

794 2981 980 3054 citur
1009 2978 1342 3076 synoduS,
1376 2985 1619 3075 utpote
1658 2979 1952 3075 antiquo
1987 2977 2247 3052 Bacchi
2285 2984 2355 3050 et
2391 3002 2573 3052 novo
2617 2979 3028 3075 principum

794 3097 1191 3193 patrocinio
1237 3102 1669 3170 consecrata.
1723 3093 2132 3190 Thymelica
2178 3093 2289 3166 vel
2343 3096 2615 3168 musica
2649 3119 2872 3192 genus
2910 3094 3030 3169 de-

797 3214 1021 3310 signat
1059 3237 1149 3286 ne
1186 3236 1351 3286 cum
1389 3212 1653 3308 xystica
1696 3209 1992 3306 synodo,
2039 3234 2198 3306 quae
2237 3216 2341 3284 est
2375 3211 2834 3304 athletarum,
2869 3234 3030 3284 con-

796 3329 1161 3404 fundatur.
1207 3333 1445 3415 Quum
1491 3352 1742 3402 omnes
1789 3352 1874 3401 ex
1926 3333 2076 3410 toto
2118 3327 2291 3401 orbe
2336 3335 2687 3402 terrarum
2726 3329 3030 3402 artifices

797 3446 870 3518 in
912 3470 1136 3519 unum
1170 3446 1593 3520 confluxisse
1622 3451 1992 3532 memoret,
2044 3445 2209 3517 satis
2248 3452 2540 3542 apparet
2570 3445 2698 3518 illa
2734 3445 3032 3542 collegia

798 3585 957 3660 quae
1005 3562 1364 3660 prioribus
1419 3561 1864 3659 temporibus
1900 3561 2342 3652 exstiterunt,
2391 3563 2467 3634 in
2512 3586 2737 3636 unum
2772 3586 3030 3659 corpus

798 3679 1169 3754 coaluisse.
1210 3685 1476 3754 Rursus
1514 3677 1824 3776 synodus
1859 3701 2007 3752 non
2043 3679 2166 3751 uni
2195 3679 2571 3775 provinciae
2610 3687 2732 3753 aut
2761 3678 3031 3778 regioni

875 3867 961 3950 (1)
1000 3869 1233 3930 Mentio
1274 3867 1521 3948 collegii
1565 3867 1881 3929 artificum
1922 3885 2000 3928 ex
2034 3867 2210 3928 Ionia
2241 3872 2305 3928 et
2348 3867 2751 3948 Hellesponto
2789 3867 2858 3927 in
2896 3865 3031 3946 qui·

797 3959 1066 4023 busdam
1094 3962 1407 4042 lapidibus
1447 3963 1784 4032 invenitur,
1819 3966 2002 4022 aetate
2038 3962 2297 4041 quidem
2323 3961 2780 4041 imperatorum
2822 3980 3031 4022 exara-

690 4113 703 4132 „
797 4054 899 4134 tie,
941 4059 1049 4118 sed
1089 4075 1363 4137 quorum
1399 4063 1647 4137 tempus
1684 4075 1814 4118 non
1843 4056 2051 4136 potuit
2077 4064 2248 4118 certe
2279 4056 2552 4119 definiri.
2601 4059 2825 4138 Corpus
2853 4056 3024 4120 inser.

792 4171 889 4232 qr.
931 4153 1110 4227 3082,
1143 4155 1323 4214 2933.

884 4245 970 4329 (2)
1018 4244 1241 4327 Corpus
1269 4247 1445 4307 inser.
1474 4266 1586 4327 qr„
1616 4248 1771 4307 6785
1802 4267 1817 4322 ;
1845 4243 1990 4306 vide
2025 4261 2090 4323 p.
2131 4247 2230 4306 95.

878 4341 961 4422 (3)
1010 4339 1236 4421 Corpus
1260 4341 1436 4402 inser.
1460 4361 1581 4422 qr„
1619 4343 1736 4402 349
1751 4355 1774 4418 3
1813 4339 1892 4400 cf.
1919 4338 2090 4400 tituli
2116 4337 2546 4418 fragmentum
2571 4337 2895 4420 Tliiatyrae
2925 4357 3025 4402 re-

796 4442 1069 4515 pertum,
1104 4438 1260 4498 3476
1291 4435 1347 4496 b.

882 4530 969 4612 (4)
1014 4529 1239 4611 Corpus
1268 4531 1439 4593 inser.
1473 4550 1597 4610 qr„
1630 4530 1808 4604 6829,
1842 4525 1889 4589 l.
1920 4531 2014 4588 12.
