3392 5500
1300 515 1617 575 -67-

343 645 994 741 Themistoclesque
1036 644 1308 743 aliquot
1345 655 1509 721 ante
1544 670 1795 735 annm,
1836 670 2062 743 quum
2092 648 2166 717 in
2196 646 2427 741 epulis
2465 666 2577 717 re-

345 770 629 837 cusaret
665 762 915 860 lyram,
964 768 1070 835 est
1114 761 1401 836 habitus
1448 764 1801 838 indoctior
1842 761 1972 861 (1).
2009 792 2042 831 »
2101 762 2370 835 Eadem
2408 761 2576 835 artis

348 881 845 970 aestimatione,
876 880 1265 954 Meneclem
1296 882 1683 979 quemdam
1711 881 1961 955 Teium
1998 879 2348 978 legatione
2375 879 2580 952 func-

348 1005 503 1071 tum
540 997 1006 1072 laudaverunt
1044 998 1317 1071 Cnossii
1350 1028 1387 1065 «
1418 998 1608 1095 quod
1638 999 1835 1073 haud
1863 996 2081 1073 semel
2110 996 2204 1069 ad
2235 997 2578 1070 citharam

348 1137 593 1187 versus
614 1112 971 1186 Timothei
994 1119 1063 1186 et
1084 1112 1352 1209 Polyidi
1380 1137 1661 1188 necnon
1688 1122 2095 1189 nostrorum
2118 1114 2577 1209 antiquorum

352 1238 629 1321 vatum,
679 1229 861 1304 bene
904 1236 971 1304 et
1006 1236 1082 1303 ut
1122 1229 1415 1304 decebat
1461 1232 1692 1303 virum
1733 1231 2133 1321 eruditum,
2178 1232 2254 1303 in
2289 1227 2579 1325 publico

358 1346 731 1420 cecinisset
784 1351 967 1435 (2)».
1024 1347 1218 1417 Actae-
1272 1346 1485 1419 etiam
1533 1346 1720 1420 Teiis
1760 1348 2004 1443 gratiae
2046 1346 2169 1444 qui
2213 1345 2430 1418 talem
2474 1343 2584 1417 vi-

359 1486 521 1536 rum
542 1462 922 1535 misissent.
952 1465 1180 1548 Quem
1210 1462 1600 1537 Meneclem
1630 1464 1687 1535 si
1713 1465 1880 1537 Teio
1903 1462 2204 1559 collegio
2231 1462 2584 1559 assignare

359 1586 508 1653 non
542 1578 774 1668 liceat,
812 1602 957 1652 non
986 1578 1304 1652 alienum
1336 1586 1524 1653 certe
1548 1602 1589 1653 a
1612 1580 2056 1654 scenicorum
2086 1578 2359 1653 artibus
2376 1585 2446 1652 et
2467 1601 2589 1651 eo-

361 1720 523 1769 rum
567 1697 995 1770 commercio
1035 1695 1123 1769 ad
1157 1720 1240 1771 ea
1277 1695 1509 1769 studia
1542 1696 1939 1770 formatum·
1969 1696 2186 1770 fuisse
2223 1696 2578 1793 conjicias,

458 1813 541 1885 ld
577 1811 859 1886 artificii
896 1836 1123 1909 genus
1151 1818 1418 1909 quanto
1456 1814 1711 1886 ceteris
1748 1813 2178 1909 praestiterit,
2227 1811 2435 1886 docet
2470 1812 2592 1885 ille

364 1930 725 2003 Ciceronis
754 1927 1002 2002 locus:
1044 1957 1072 1993 «
1104 1932 1195 2001 Ut
1232 1930 1434 2002 aiunt
1467 1930 1542 2001 in
1582 1929 1844 2002 Graecis
1885 1929 2274 2003 artificibus
2309 1953 2426 2003 eos
2467 1952 2596 2001 au-

362 2046 590 2120 loedos
628 2069 805 2136 esse,
851 2045 976 2141 qui
1008 2044 1380 2119 citharoedi
1420 2045 1577 2118 fieri
1610 2069 1760 2119 non
1791 2048 2153 2142 potuerint
2176 2045 2306 2145 (3)
2334 2076 2364 2114 »
2411 2048 2590 2119 Cum

370 2186 514 2261 quo
592 2162 899 2235 maxime
960 2162 1284 2257 congruit
1350 2161 1830 2258 fragmentum
1894 2164 2106 2236 Attici
2170 2162 2397 2251 tituli,
2471 2160 2594 2234 ubi

367 2277 863 2352 inscribuntur
918 2278 1211 2374 praemia
1270 2277 1559 2351 musicis
1617 2278 2001 2373 proposita.
2065 2278 2191 2351 Ille
2244 2285 2348 2351 est
2403 2277 2597 2351 enim

366 2397 838 2473 certaminum
867 2396 1041 2470 ordo
1079 2421 1094 2468 z
1137 2395 1535 2485 citharoedi,
1576 2396 1868 2484 auloedi‚
1913 2396 2318 2484 citharistae,
2366 2395 2603 2469 tibici-

365 2537 521 2588 nes.
567 2517 909 2587 Praeterea
938 2512 1347 2587 citharoedis
1369 2514 1685 2609 quinque
1725 2520 1893 2585 sunt
1928 2514 2222 2608 praemia
2250 2519 2318 2585 et
2351 2536 2598 2588 eorum

366 2630 601 2728 primo
662 2647 1191 2705 corona'aurea
1228 2629 1427 2703 mille
1478 2629 2019 2720 drachmarum,
2080 2630 2332 2703 ultimo
2383 2627 2597 2703 etiam

366 2754 742 2836 trecentae3
789 2747 1088 2823 auloedis
1123 2770 1287 2822 vero
1316 2744 1460 2819 duo
1500 2753 1804 2835 tantum,
1850 2747 2069 2844 priori
2102 2753 2438 2821 trecentae
2477 2753 2600 2820 aut

366 2866 903 2963 quadringentae
966 2865 1375 2952 drachmae;
1440 2864 1820 2938 citharistis
1868 2864 2036 2957 tria,
2100 2865 2333 2960 primo
2386 2866 2600 2961 quin-

364 2991 597 3082 gentae
644 2982 775 3084 (4).
1865 3042 1870 3047 .

464 3098 749 3174 Auloedi
798 3100 888 3174 ad
952 3098 1195 3173 tibiam
1258 3097 1637 3172 canebant.
1698 3100 1850 3171 Hoc
1914 3121 2141 3196 genus
2192 3099 2268 3171 in
2335 3097 2598 3194 Pythiis

370 3217 810 3314 displicuisse
881 3222 951 3289 et
999 3212 1362 3288 sublatum
1420 3213 1635 3288 fuisse
1696 3221 1942 3290 auctor
2007 3220 2110 3287 est
2177 3215 2591 3302 Pausanias,

368 3335 710 3432 quoniam
774 3332 964 3406 tibiae
1011 3331 1409 3404 tristissima
1465 3330 1814 3405 sonabant
1863 3338 1934 3404 et
1969 3331 2372 3428 adspirante
2422 3329 2598 3404 tibia

369 3451 810 3526 canebantur
855 3455 1109 3523 moesta
1156 3448 1496 3535 carmina,
1552 3448 1735 3545 elegi
1790 3453 2001 3545 atque
2044 3448 2282 3521 threni
2330 3445 2446 3546 (X,
2488 3446 2585 3546 7).

366 3569 622 3644 Nullus
665 3570 741 3642 in
772 3567 1065 3643 Soteriis
1096 3565 1457 3661 Delphicis
1484 3562 1838 3656 auloedus,
1872 3564 2115 3638 nullus
2143 3565 2218 3637 in
2252 3565 2595 3661 Amphia-

371 3688 537 3761 raiis
574 3687 829 3782 Oropi;
876 3683 1266 3758 certamina
1297 3690 1533 3754 tamen
1575 3681 2025 3756 auloedorum
2064 3688 2338 3755 retenta
2376 3682 2596 3754 Athe-

369 3803 481 3876 nis
546 3799 692 3898 (5),
749 3799 1071 3896 Thespiis
1126 3796 1270 3897 (6),
1334 3796 1769 3871 Orchomeni
1830 3794 1977 3894 (7),
2046 3795 2402 3875 unustbis
2459 3797 2594 3872 Iasi

445 4053 532 4134 (1)
572 4049 909 4114 Tusculan.
934 4048 1202 4126 Disput.,
1232 4048 1277 4116 I,
1306 4049 1365 4107 2.

445 4149 527 4229 (Ξ)
571 4149 651 4208 Le
678 4147 798 4208 Bas
825 4149 889 4205 et
913 4141 1361 4220 Waddington,
1399 4138 1588 4201 Inscr.
1619 4137 2122 4218 d'Asie-Mineure,
2158 4142 2225 4202 81
2251 4162 2266 4216 ;
2297 4143 2378 4204 cf.
2409 4146 2508 4206 82.

445 4242 531 4323 (3)
573 4242 694 4301 Pro
721 4241 1022 4312 Muraena,
1052 4239 1237 4298 132—
1264 4233 1344 4316 (4)
1390 4235 1713 4312 Rangabe‚
1744 4233 1948 4314 Antiq.
1981 4233 2218 4312 helle'n„
2251 4238 2390 4298 961.

448 4337 531 4416 (5)
577 4334 899 4412 Rangabe,
929 4330 1136 4410 Antiq.
1168 4329 1405 4404 helle'n„
1435 4332 1574 4390 961.

450 4430 533 4510 (6)
576 4428 945 4502 Decharme,
976 4423 1355 4504 Inscriptions
1376 4421 1614 4484 ine'dites
1642 4419 1712 4481 de
1738 4419 1964 4500 Beotie,
1999 4425 2098 4498 26,
2125 4421 2170 4486 1.
2195 4427 2296 4484 21.

448 4523 533 4603 (7)
574 4525 663 4586 Le
691 4523 834 4599 Bas,
864 4523 924 4582 3⁰
938 4523 1163 4599 partie,
1194 4520 1480 4582 621-623.
