3392 5500
1330 502 1647 561 ...79-

373 652 521 725 quo
558 630 635 700 in
672 627 863 701 ludis
891 634 1173 716 ornatu,
1208 631 1561 726 remigum
1600 634 1749 701 erat
1787 628 2108 702 hortator
2137 626 2270 726 (1).
2304 632 2450 702 Nec
2476 632 2612 702 mi-

371 768 551 820 nora
596 744 1041 819 scenicorum
1092 751 1165 818 et
1212 752 1582 842 poetarum
1636 744 1870 817 studia
1913 768 2077 841 erga
2123 744 2604 842 Lysandrum3

370 862 793 934 Aristonous
830 860 1044 934 etiam
1084 861 1543 951 citharoeduS,
1580 862 1802 935 sexies
1848 861 2125 956 Pythiis
2152 862 2398 950 victor,
2439 861 2609 957 pol-

372 976 614 1051 licitus
661 984 788 1065 est,
850 976 907 1047 si
960 1001 1209 1050 rursus
1251 978 1555 1069 vicisset,
1609 1002 1683 1053 se
1722 979 1875 1076 ejus
1913 1002 2064 1051 esse
2107 980 2611 1075 pronuntiatu-

371 1116 536 1166 rum
572 1091 703 1192 (2).
752 1097 1195 1191 Improspere
1237 1096 1527 1191 quidem
1568 1103 1742 1167 tunc
1769 1096 1894 1169 ille
1935 1101 2296 1192 exceptuS,
2335 1094 2457 1168 sed
2488 1095 2610 1169 alii
2691 1182 2696 1185 ¹

374 1209 883 1285 blanditiarum
917 1211 1227 1308 pretium
1270 1211 1613 1286 tulerunt.

473 1331 628 1413 Qua
664 1328 1191 1423 opportunitate
1220 1330 1401 1403 mire
1434 1353 1607 1402 usus
1643 1335 1748 1403 est
1781 1330 2178 1427 Philippus,
2214 1335 2283 1403 et
2322 1353 2452 1427 pro
2491 1328 2608 1402 in·-

370 1446 579 1541 genio
619 1452 685 1517 et
742 1467 872 1540 pro
914 1444 1209 1534 ratione,
1256 1446 1740 1542 scenicosque,
1786 1446 2231 1544 voluptatum
2271 1453 2337 1521 et
2375 1446 2608 1519 domi-

373 1561 684 1635 nationis
725 1560 1219 1651 instrumenta,
1258 1560 1391 1634 sibi
1425 1562 1755 1635 devinxit.
1803 1563 2103 1637 Foedum
2144 1587 2313 1637 sane
2359 1570 2426 1637 et
2474 1563 2613 1636 de-

372 1677 601 1751 forme
656 1678 1148 1774 spectaculum
1203 1676 1526 1752 exhibuit
1581 1703 1974 1753 concursus
2027 1680 2150 1754 ille
2212 1703 2608 1777 graecorum

374 1794 733 1869 artificum
758 1796 848 1869 ad
871 1818 993 1868 eos
1031 1795 1241 1868 ludos
1277 1817 1486 1892 quOS,
1514 1803 1806 1893 propter
1832 1820 2148 1871 eversam
2184 1797 2602 1895 Olynthum,

374 1910 745 2007 Philippus
801 1935 841 1985 e
888 1911 1145 2008 spoliis·
1184 1913 1448 1985 Graecae
1512 1912 1814 1986 civitatis
1866 1912 2271 1988 celebravit.
2323 1943 2352 1981 «
2392 1917 2612 2010 Capta
2715 1932 2723 1939 ·

374 2030 568 2104 enim
608 2028 943 2125 Olyntho,
982 2028 1358 2125 Philippus
1386 2030 1712 2127 Olympia
1748 2030 1942 2122 fecit,
1986 2031 2074 2106 ad
2103 2031 2244 2105 hoc
2282 2055 2439 2105 vero
2470 2030 2611 2105 fes-

374 2155 529 2223 tum
586 2151 654 2218 et
701 2143 1183 2219 celebritatem
1239 2168 1483 2218 omnes
1546 2147 1854 2220 artifices
1903 2149 2385 2244 congregavit,
2444 2146 2607 2221 illos

372 2284 671 2359 pascens
705 2266 773 2335 et
809 2260 1106 2335 victores
1145 2285 1491 2336 coronans
1517 2260 1649 2360 (3).
1680 2292 1711 2330 »
1758 2263 1887 2350 Ita,
1935 2287 2161 2360 quum
2209 2287 2357 2337 non
2389 2264 2608 2336 Athe-

373 2380 657 2452 nienses
691 2377 923 2451 solum
956 2376 1079 2450 sed
1111 2377 1416 2452 universi
1447 2379 1659 2451 etiam
1690 2379 1918 2451 Graeci
1949 2377 2260 2453 dirutam
2294 2380 2608 2455 funditus

374 2493 694 2569 nobilem
723 2494 1102 2585 civitatem,
1141 2500 1375 2591 raptas
1408 2496 1481 2567 in
1522 2495 1927 2569 servitutem
1964 2497 2308 2593 ingenuas
2346 2498 2604 2573 mulie-

371 2635 507 2701 reS‚
559 2613 907 2709 ingenuos
968 2635 1226 2708 pueros
1284 2611 1855 2708 indignarentur,
1913 2620 1982 2687 et
2035 2636 2419 2689 commune
2471 2616 2609 2690 hoc

372 2729 633 2804 vulnus
692 2728 907 2803 totius
946 2728 1255 2806 ,Graeciae
1316 2730 1786 2817 aestimarent,
1831 2731 2091 2804 scenici
2148 2756 2190 2806 a
2241 2734 2609 2807 communi

377 2847 795 2921 calamitatis
851 2869 1062 2918 sensu
1115 2848 1213 2920 ita
1254 2845 1837 2920 abalienaverunt
1883 2848 2160 2922 animos
2208 2859 2288 2922 ut
2337 2851 2610 2924 circum

374 2966 715 3039 victorem
768 2963 1321 3059 frequentissimi
1379 2962 1850 3053 confluerent,
1905 2964 2272 3062 spoliaque
2333 2968 2608 3041 miserae

376 3081 674 3156 civitatis
711 3086 780 3154 et
811 3080 1119 3177 captivos
1158 3079 1484 3176 largienti
1518 3079 2038 3155 blandirentur.
2072 3081 2348 3156 Additae
2379 3085 2614 3159 convi-

374 3199 656 3272 viorum
711 3195 1071 3269 illecebrae
1130 3195 1393 3291 quibus
1446 3195 1753 3270 maxime
1813 3196 2139 3270 deditum
2198 3199 2336 3273 hoc
2385 3225 2611 3298 genus

377 3306 786 3383 Aristoteles
814 3306 1350 3397 animadvertit,
1399 3305 1762 3405 divisaque
1800 3309 1987 3382 inter
2029 3312 2425 3407 potandum
2464 3337 2611 3386 am-

374 3427 693 3524 plissima
725 3447 1027 3497 munera
1065 3447 1374 3520 quorum
1414 3424 1824 3497 avidissimi.
1877 3428 1959 3498 In
1995 3427 2279 3523 quibuS,
2327 3431 2610 3525 paucis-

376 3544 538 3617 simi
560 3573 564 3578 ’
586 3541 809 3639 Satyri
840 3541 1146 3636 comoedi
1183 3542 1837 3638 magnanimitatem
1877 3545 2194 3620 aemulati
2229 3554 2394 3620 sunt
2421 3575 2426 3578 ·
2453 3545 2554 3644 (4)
2582 3575 2600 3637 ;

456 3845 541 3929 (1)
588 3843 775 3908 Duris
812 3842 1061 3910 Samius
1101 3839 1272 3924 apud
1299 3837 1728 3920 Plutarchum,
1761 3839 1984 3919 Alcib„
2036 3845 2144 3922 223
2177 3844 2434 3924 Athen„
2468 3847 2604 3926 XII,

372 3957 441 4022 P·
461 3947 934 4119 (5235l’lutarch.,
961 4029 1253 4115 Lysand„
1286 4033 1383 4092 18.

466 4131 547 4213 (3)
590 4131 939 4205 Demosth.,
976 4129 1065 4189 De
1105 4126 1256 4188 male
1284 4132 1449 4205 qesta
1484 4122 1802 4204 leqatione,
1861 4127 2096 4204 192-33
2145 4126 2223 4191 cf.
2271 4128 2599 4212 Diodorus„

378 4226 543 4401 Χῖἑ)
572 4229 943 4390 ῗὲωοεῐὴη
989 4313 1143 4377 Ibid.
1164 4347 1244 4361 —
1286 4315 1487 4385 Quam
1528 4319 1600 4373 ut
1638 4319 1902 4392 augeret
1921 4359 1936 4390 ,
1979 4315 2222 4377 addidit
2247 4319 2608 4386 scholiastes

386 4437 416 4476 ιι
443 4432 808 4496 quanquam
836 4413 956 4473 hoc
999 4428 1201 4491 genus
1232 4407 1503 4469 maxime
1532 4408 1610 4467 sit
1638 4408 1915 4486 proclive
1943 4408 2024 4470 ad
2051 4412 2393 4488 petendum
2429 4422 2493 4480 et
2528 4420 2608 4480 ad

379 4507 837 4591 accipiendum.
867 4527 897 4568 x>
936 4504 1146 4570 Schol.
1179 4503 1529 4580 Demosth.,
1556 4521 1621 4582 p.
1651 4505 1789 4564 371.
