3392 5500
1836 491 2155 552 -30-

887 631 993 700 est
1039 622 1428 697 mulierum
1472 627 1541 694 et
1583 621 1895 696 virorum
1937 623 2145 709 ratio,
2190 644 2381 718 saepe
2417 619 2633 695 etiam
2685 619 2915 716 major
2956 643 3135 691 mu-

885 741 1145 815 lierum
1181 762 1341 834 quae
1376 737 1764 832 aliquando
1803 737 2191 812 sodalitatis
2232 736 2627 811 sacerdotio
2674 735 3126 834 funguntur3

885 864 961 930 at
1007 862 1254 930 contra
1314 853 1578 927 scenici
1627 853 1910 950 collegii
1972 853 2315 927 feminam
2362 851 2640 925 nullam
2694 850 3122 950 participem

889 974 1103 1047 fuisse
1145 970 1470 1044 vidimus.
1505 973 1807 1065 Insuper
1842 970 2115 1044 libertis
2163 976 2377 1067 atque
2414 969 2628 1042 etiam
2667 968 2883 1041 servis
2915 967 3135 1042 thiasi

885 1097 1294 1191 patuerunt,
1330 1113 1556 1187 quum
1582 1091 1769 1163 inter
1805 1091 2124 1163 scenicos
2152 1088 2457 1164 artifices
2500 1086 2787 1161 nullum
2829 1086 2968 1160 nisi
3006 1087 3137 1158 in-

884 1231 1201 1306 genuum
1249 1207 1473 1278 civem
1519 1210 1890 1302 receptum
1927 1204 2139 1278 fuisse
2178 1202 2649 1279 ostendimus,
2690 1201 3018 1299 Denique
3049 1203 3136 1274 in

887 1326 1040 1423 pari
1070 1331 1544 1418 utrorumque
1573 1322 1859 1417 pietate,
1904 1322 1977 1393 in
2009 1322 2161 1418 pari
2193 1321 2709 1394 sacrificiorum
2744 1325 2815 1392 et
2847 1317 3137 1414 religio-

888 1465 1065 1514 num
1105 1462 1301 1524 cura,
1349 1438 1405 1510 si
1446 1460 1852 1532 quaeremus
1889 1461 2051 1535 quae
2105 1436 2375 1510 fuerint
2424 1437 2743 1533 utrisque
2790 1434 3130 1524 numina,

888 1557 1117 1631 multo
1155 1554 1384 1650 majus
1428 1553 1811 1627 discrimen
1866 1553 2053 1625 inter
2095 1553 2360 1626 thiasos
2396 1559 2467 1625 et
2504 1553 2785 1626 scenica
2825 1551 3137 1648 collegia

885 1669 1276 1768 apparebit.
1325 1666 1438 1740 llli
1477 1669 1670 1742 enim
1710 1668 1796 1742 ad
1847 1667 2190 1742 colendos
2236 1674 2564 1742 externos
2609 1669 2777 1741 deos
2820 1667 3133 1740 instituti

888 1791 1079 1873 sunt,
1119 1788 1414 1859 Matrem
1442 1787 1796 1881 Magnam,
1832 1785 2103 1882 Syriam
2136 1785 2513 1871 Venerem,
2548 1781 2949 1873 Sabazium,
2990 1785 3135 1856 Se-

886 1902 1146 1999 rapim,
1200 1905 1414 1996 atque
1460 1901 1869 1996 peregrinos
1925 1900 2125 1987 rituS‚
2178 1899 2587 1996 peregrinas
2643 1899 3127 1989 coerimoniaS,

891 2025 969 2093 ut
997 2023 1383 2092 nocturnas
1420 2016 2017 2112 pervigilationeS,
2054 2016 2145 2089 ad
2179 2024 2512 2113 tympana
2543 2025 2612 2088 et
2641 2015 2966 2112 cymbala
2993 2016 3133 2090 sal-

891 2134 1196 2208 tationes
1219 2130 1621 2221 freneticas,
1655 2132 1931 2206 Attidos
1969 2155 2246 2206 amores
2278 2139 2346 2205 et
2388 2131 2891 2223 calamitatem,
2921 2131 3131 2230 quid-
3234 2215 3239 2217 ,

875 2249 1069 2352 ‚quid
1103 2249 1412 2346 denique
1450 2247 1772 2345 Phrygiis
1801 2256 1869 2322 et
1898 2248 2120 2346 Syriis
2150 2249 2767 2346 superstitionibus
2800 2249 3127 2323 contine-

889 2375 1035 2459 tur,
1077 2366 1644 2442 constantissime
1676 2367 2129 2440 retinuerunt
2160 2377 2227 2440 et
2262 2365 2573 2440 studiose
2613 2375 3121 2464 propagarunt.

892 2485 1098 2559 Unde
1135 2491 1384 2556 natum
1428 2481 1610 2556 illud
1653 2482 2223 2557 sacrificulorum
2252 2489 2323 2557 et
2350 2483 2792 2558 hariolorum
2835 2486 3129 2580 despec-

892 2607 1045 2675 tum
1071 2622 1297 2696 genus
1342 2621 1468 2695 per
1514 2599 1825 2696 compita
1867 2599 2403 2672 vaticinantium
2451 2606 2521 2673 et
2567 2601 2825 2697 stipem
2870 2625 3131 2699 rogan-

893 2719 1103 2808 tium,
1141 2717 1413 2813 ingenti
1466 2714 1656 2814 apud
1706 2739 1945 2790 servos
1983 2723 2053 2791 et
2098 2740 2277 2791 anus
2322 2717 2570 2815 gratia,
2616 2717 2810 2793 haud
2848 2719 3130 2794 minore

891 2834 1358 2908 honestorum
1382 2834 1641 2907 civium
1669 2839 2114 2930 contemptu.
2142 2834 2553 2908 Artificibus
2572 2860 2737 2909 vero
2773 2839 3129 2935 praecipua

892 2951 1151 3026 Bacchi
1167 2948 1416 3047 religio
1444 2972 1528 3023 cu
1533 2950 1650 3046 jus
1677 2951 1750 3022 in
1774 2950 2123 3025 honorem
2148 2951 2453 3025 instituti
2478 2958 2647 3025 sunt
2664 2944 2739 3028 et
2751 2954 3133 3052 viguerunt

893 3068 1048 3143 ludi
1075 3068 1372 3155 scenici;
1404 3068 1461 3140 si
1483 3089 1659 3163 quas
1679 3067 1853 3141 alias
1888 3068 2269 3166 religiones
2290 3070 2695 3159 coluerunt,
2723 3071 3034 3168 publicis
3064 3079 3131 3144 et

891 3184 1139 3281 graecis
1169 3181 1593 3255 numinibus
1632 3183 1976 3273 contenti,
2021 3204 2394 3280 nunquam
2426 3185 2517 3259 ad
2545 3186 2753 3259 illum
2792 3186 3129 3261 barbaro-

887 3324 1055 3374 rum
1094 3298 1389 3373 deorum
1429 3322 1715 3396 gregem
1756 3299 2185 3375 reciderunt.
2233 3301 2428 3374 Nihil
2454 3303 2669 3399 igitur
2699 3304 2886 3377 inter
2909 3309 3126 3377 Διονυ-

893 3420 1146 3497 σιαστοὶς
1170 3422 1240 3489 et
1269 3419 1689 3497 Διονυσιακοὺς
1726 3420 2009 3513 τεχνίτας
2035 3418 2167 3489 fuit
2208 3439 2619 3507 commune,
2667 3418 2804 3491 nisi
2835 3418 3125 3494 fortuita

893 3533 1203 3607 nominis
1242 3530 1661 3621 similitudo,
1704 3556 1927 3627 quum
1958 3533 2065 3606 illi
2097 3533 2435 3607 Liberum
2467 3533 2873 3609 barbariam
2909 3536 3127 3612 redo-

890 3650 1184 3736 lentem,
1211 3647 1288 3721 hi
1313 3648 1671 3723 Bacchum
1712 3651 2042 3722 Graecum
2073 3648 2207 3722 sibi
2235 3656 2615 3746 patronum
2644 3652 3120 3739 vindicarent3

894 3764 1036 3838 illis
1064 3764 1332 3837 externi
1369 3762 1798 3862 barbarique
1835 3766 2014 3837 ritus
2064 3765 2261 3839 cordi
2310 3775 2567 3857 essent,
2612 3768 2724 3841 his
2764 3769 2995 3865 patria
3031 3770 3129 3843 rei

896 3881 1194 3954 scenicae
1237 3879 1626 3955 meditatio.
1668 3877 1815 3955 Nec
1844 3883 2086 3955 minus
2126 3884 2398 3958 diversa
2429 3891 2902 3984 utrorumque
2931 3888 3131 3961 aesti-

897 3998 1140 4071 mati0.
1190 3994 1568 4086 Thiasotae‚
1616 3998 1674 4070 si
1715 3999 2029 4093 quandO,
2076 3997 2238 4072 data
2288 4024 2415 4097 per
2464 4002 2709 4099 populi
2764 4003 3128 4077 decretum

895 4113 1206 4201 licentia,
1259 4112 1403 4185 suis
1448 4112 1869 4186 numinibus
1910 4113 2177 4209 templa
2219 4126 2623 4205 erexerunt,
2672 4120 2979 4214 suspecti
3025 4126 3130 4191 ta-

895 4253 1063 4304 men
1113 4235 1181 4303 et
1232 4227 1542 4325 despecti
1601 4235 2057 4320 manserunt,
2111 4230 2431 4305 exercitis
2488 4234 2699 4306 etiam
2762 4233 3127 4307 interdum

899 4342 1414 4444 quaestionibus
1462 4345 1797 4419 adversus
1846 4369 1966 4419 eos
2026 4347 2151 4443 qui
2209 4371 2430 4422 novos
2474 4348 2645 4423 deos
2694 4350 3121 4426 inferebant.

901 4461 1136 4536 Aliam
1167 4459 1463 4536 omnino
1497 4459 1713 4536 fuisse
1766 4462 2211 4537 scenicorum
2250 4464 2715 4563 collegiorum
2770 4467 3157 4543 conditio-¹
