3392 5500
1336 518 1693 582 -101-

421 672 669 726 omnes
701 648 1161 725 vehementer
1200 655 1647 749 appeterent,
1684 649 1971 725 facilior
2003 649 2290 723 inventa
2330 654 2436 723 est
2471 651 2648 725 ratio

422 790 567 865 qua
602 790 761 841 eam
792 767 1351 864 adipiscerentur
1369 794 1388 857 3
1430 789 1689 865 nempe
1725 768 1783 840 si
1821 766 1985 863 quis
2011 766 2088 839 in
2123 765 2324 871 novis
2363 764 2554 840 ludis
2580 774 2649 841 et

422 882 825 982 insignibus
874 883 1187 981 palmam
1242 883 1622 974 retulisset,
1671 889 1753 957 ut
1800 883 1898 957 ait
1932 882 2056 957 ille
2103 906 2337 979 praeco
2373 908 2389 955 :
2427 913 2461 949 c<
2493 884 2649 958 Vici

424 999 843 1073 milliarium
896 1002 1159 1091 Romae,
1184 1005 1477 1098 propter
1507 998 1701 1096 quod
1740 1021 1956 1073 aureo
1997 999 2293 1094 praemio
2338 999 2649 1075 honora-

419 1121 533 1188 tus
580 1115 722 1205 fui,
767 1114 961 1189 solus
1000 1121 1070 1191 et
1106 1115 1381 1211 primus
1424 1137 1842 1212 praeconum
1893 1115 2129 1188 omnis
2167 1114 2558 1189 momoriae.
2602 1144 2634 1183 »

425 1231 619 1305 Idem
652 1232 985 1329 magistro
1016 1254 1147 1305 suo
1191 1231 1467 1323 tribuit,
1520 1230 1712 1328 quod
1759 1231 1914 1328 ejus
1956 1237 2218 1306 statuas
2265 1254 2652 1307 consecra-

419 1354 593 1421 runt
620 1347 773 1421 Elei
817 1353 886 1421 et
925 1347 1182 1446 Delphi
1234 1347 1367 1448 (1).
1438 1348 1637 1422 Idem
1689 1344 1966 1421 tibicini
2023 1346 2264 1421 civitas
2313 1347 2654 1423 Nicome-

423 1464 683 1553 densis·‚
725 1462 920 1562 quod
958 1463 1047 1537 ab
1092 1464 1300 1539 annis
1340 1463 1652 1539 sedecim
1690 1482 1878 1538 cum·
1901 1463 2065 1538 viris
2103 1464 2394 1538 certavit
2405 1490 2424 1554 ;
2461 1463 2650 1541 idem

424 1580 741 1677 Gortynii
798 1580 931 1656 civi
991 1602 1147 1670 suo,
1183 1582 1379 1678 quod
1433 1582 1507 1655 in
1556 1580 1809 1655 eodem
1858 1579 2354 1677 quinquennio
2407 1580 2652 1678 plures

421 1695 691 1796 palmas
727 1696 965 1771 retulit
984 1695 1127 1796 (2);
1172 1694 1363 1770 idem
1387 1698 1473 1771 de
1504 1720 1580 1771 se
1605 1694 1946 1795 praedicat
1975 1694 2432 1785 citharoeduS,
2460 1697 2654 1795 quod

423 1815 763 1889 continuo
782 1814 1319 1909 quatuordecies
1330 1814 1497 1888 vicit
1518 1811 1645 1913 (3).
1659 1816 1890 1900 Quam
1909 1814 2198 1913 laudem
2219 1815 2650 1913 singularem

424 1938 499 2003 ut
536 1928 761 2003 titulis
799 1932 945 2004 suis
984 1928 1487 2020 adscriberent,
1522 1928 1633 2005 vel
1682 1930 1982 2007 minima
2018 1952 2230 2005 causa
2256 1930 2517 2007 idonea
2551 1934 2654 2007 vi-

420 2044 719 2122 debatur
751 2070 771 2120 :
802 2046 1073 2121 scilicet
1116 2047 1399 2121 victoris
1435 2053 1646 2136 actae,
1694 2068 1924 2145 genus
1963 2047 2166 2136 artiS,
2217 2071 2398 2124 nova
2443 2050 2656 2124 series

424 2164 924 2255 certaminum,
967 2162 1303 2238 ludorum
1334 2164 1605 2238 novitas
1634 2168 1758 2237 aut
1788 2169 2158 2261 partorum
2187 2164 2574 2239 honorum.

518 2283 617 2353 Ea
672 2280 1184 2378 cognominum
1226 2280 1613 2377 insignium
1672 2280 1956 2355 insania
2013 2280 2112 2355 ita
2167 2282 2419 2357 exarsit
2462 2285 2648 2357 Nero

424 2402 502 2470 ut
529 2397 773 2471 omnia
809 2398 885 2469 in
924 2420 997 2471 se
1031 2398 1318 2493 congeri
1356 2395 1569 2471 vellet
1598 2403 1669 2470 et
1696 2419 1737 2470 e
1775 2395 2065 2471 Graeciae
2090 2396 2278 2471 ludis
2303 2397 2652 2473 universis

420 2512 663 2589 titulos
690 2514 1146 2587 victoriarum
1184 2513 1470 2587 referre.
1511 2515 1591 2585 ln
1636 2512 1910 2587 musico
1947 2514 2164 2608 igitur
2201 2513 2646 2610 imperatoris

421 2629 782 2727 triumpho
813 2628 1374 2726 praeferebantur
1401 2626 1682 2703 tabellae
1712 2629 1932 2703 hastis
1953 2627 2216 2719 infixae,
2247 2629 2406 2727 plus
2432 2654 2648 2728 quam

420 2746 619 2821 mille
669 2754 741 2823 et
779 2747 1232 2844 octingentae,
1290 2744 1554 2842 quibus
1610 2745 2034 2842 inscriptum
2094 2744 2321 2820 fuerat
2367 2771 2512 2844 quo
2570 2747 2646 2823 in

426 2865 811 2938 certamine
848 2865 1125 2940 vicisset
1157 2867 1341 2938 Nero
1382 2864 1617 2938 Caesar
1644 2863 1920 2958 primus
1965 2867 2032 2936 et
2071 2863 2263 2936 solus
2299 2867 2652 2939 Romano-

420 3002 587 3053 rum
620 2981 853 3054 omnis
884 2979 1274 3056 memoriae.
1309 2981 1535 3065 Quam
1582 2978 1878 3076 gloriam
1922 2984 2003 3051 ut
2044 3000 2189 3052 non
2224 2976 2456 3053 verbis
2493 2985 2650 3053 tan-

419 3102 570 3170 tum
610 3096 734 3172 sed
772 3097 990 3171 etiam
1030 3119 1104 3172 re
1140 3102 1502 3188 tueretur,
1558 3094 1879 3194 prudens
1922 3095 2307 3191 imperator
2345 3095 2651 3193 jusserat

418 3236 667 3289 omnes
696 3214 1022 3288 omnium
1062 3214 1186 3311 qui
1230 3212 1427 3311 prius
1474 3212 1788 3288 vicerant
1822 3211 2328 3286 statuas'uncis
2367 3212 2646 3288 detrudi

418 3339 487 3406 et
534 3332 609 3406 in
660 3331 958 3406 latrinas
1007 3331 1238 3428 dejici.
1294 3330 1401 3404 Ad
1458 3329 1890 3426 Capitolium
1945 3338 2184 3404 autem
2235 3329 2648 3405 ascendenti

410 3447 952 3547 jucundissimae
1008 3447 1569 3522 exaudiebantur
1626 3452 2034 3520 senatorum
2102 3468 2307 3520 voces
2361 3444 2648 3520 concla-

420 3564 824 3638 mantium:
879 3592 913 3632 «
950 3562 1147 3639 Vah!
1193 3562 1715 3660 Olympionica,
1769 3561 2211 3658 Pythionica‚
2265 3561 2444 3636 vah!
2504 3563 2652 3636 Au-

417 3684 651 3778 guste!
712 3683 940 3767 Quam
982 3679 1178 3754 solus
1231 3703 1303 3754 es
1348 3678 1837 3776 periodonica,
1891 3700 2109 3775 quam
2167 3677 2650 3752 solusomnis

419 3797 808 3888 memoriae,
840 3799 1153 3894 Auguste
1195 3793 1325 3894 (4)1
1376 3825 1409 3862 ›>
1449 3798 1621 3882 Quae
1662 3793 1905 3871 omnia
1934 3795 2086 3890 jam
2113 3817 2158 3868 a
2183 3794 2484 3870 scenicis
2529 3817 2650 3868 ex-

420 3913 724 4009 cogitata
768 3909 903 3986 sibi
951 3911 1333 3986 vindicavit
1368 3913 1580 4000 Nero,
1628 3912 1704 3985 in
1745 3911 2178 3990 immensum
2223 3933 2532 4009 augens3
2580 3917 2652 3985 et

422 4028 673 4104 eadem
704 4035 947 4126 postea
974 4036 1307 4126 appetere
1346 4051 1493 4102 non
1522 4026 1943 4102 destiterunt
1969 4027 2299 4100 artificeS.

515 4149 753 4233 Quum
814 4169 981 4220 vero
1042 4145 1339 4242 singulis
1402 4144 1712 4219 victoriis
1783 4142 2428 4218 commemorandis
2497 4145 2646 4243 J‘am

496 4334 575 4415 (1)
617 4333 936 4409 Philistor,
962 4338 1012 4395 t.
1046 4336 1094 4412 I,
1126 4352 1187 4416 p.
1215 4337 1353 4396 329.

496 4429 587 4510 (Q
625 4429 851 4510 Corpus
880 4428 1055 4492 inser.
1090 4448 1217 4510 φη,
1247 4429 1403 4492 1720
1437 4432 1503 4488 et
1529 4429 1706 4490 1719.
1728 4460 1807 4472 -
1825 4425 1908 4507 (3)
1938 4425 2197 4500 Ibidem,
2227 4427 2406 4488 3208.

391 4540 398 4546 ·
507 4523 589 4604 (4)
631 4521 748 4582 Dio
777 4521 1045 4600 Cassius,
1072 4523 1278 4599 LXIII,
1307 4525 1370 4597 8,
1404 4523 1482 4583 10
1506 4527 1570 4582 et
1595 4523 1691 4584 20.
1717 4553 1794 4568 -·
1813 4522 2094 4596 Sueton.,
2126 4517 2307 4596 Nero,
2335 4523 2435 4582 21.
