3392 5500
1302 505 1620 565 ..31-

343 660 512 711 nem
551 642 620 710 et
661 660 746 710 ea
783 660 942 732 quae
984 638 1136 733 jam
1177 660 1392 734 supra
1428 637 1735 712 diximus
1782 646 1849 712 et
1892 637 2016 712 illa
2063 638 2369 713 maxime
2416 661 2579 734 quae

341 753 768 850 disputanda
795 758 985 840 sunt,
1031 753 1410 826 ostendent
1440 754 1576 853 (1).

1397 1060 1518 1134 lV.

340 1323 765 1399 Quomodo
791 1323 1107 1380 muita
1133 1323 1470 1390 collegia
1490 1324 1595 1378 ab
1623 1324 1980 1380 ‹sn-aeuus
2008 1323 2351 1379 deorum
2377 1323 2582 1379 bono

662 1423 944 1478 hahita
967 1423 1171 1492 ipsis
1205 1421 1364 1479 dnn
1395 1425 1750 1491 qratiam
1775 1422 2223 1479 habuerint
2236 1416 2277 1476 2

443 1663 813 1758 Magnifice
853 1662 941 1735 de
976 1661 1374 1759 semetipsis
1402 1663 1701 1736 sensisse
1730 1661 2051 1741 scenicos
2090 1662 2401 1736 artifices
2441 1661 2580 1736 de-

343 1778 852 1852 claranttituli.
885 1778 1215 1851 Laudant
1241 1777 1436 1852 enim
1469 1784 1876 1852 curatorem
1908 1801 2116 1851 suum
2146 1778 2356 1852 Attici
2391 1780 2583 1874 quod

342 1895 705 1970 beneficiis
751 1894 1052 1990 adeptus
1110 1896 1200 1967 sit
1273 1923 1304 1961 «
1355 1894 1713 1968 artificum
1766 1894 2334 1970 benevolentiam
2384 1896 2579 1968 omni

340 2011 648 2108 pecunia
687 2011 1039 2106 potiorem
1079 2007 1182 2107 (2)
1215 2038 1248 2077 »
1272 2063 1288 2080 .
1319 2011 1652 2106 Amplius
1689 2011 1903 2084 etiam
1939 2009 2119 2084 illud
2167 2009 2504 2084 Teiorum
2544 2035 2585 2084 a

341 2127 606 2224 quibus
635 2125 1066 2223 praedicatur
1111 2155 1143 2192 «
1181 2126 1604 2200 immortalis
1643 2128 2001 2200 artificum
2048 2127 2276 2224 gloria
2309 2151 2487 2223 quos
2513 2134 2580 2201 et

343 2245 444 2317 dii
477 2252 547 2317 et
575 2267 769 2342 reges
795 2251 864 2317 et
893 2245 1118 2316 Graeci
1152 2244 1459 2316 universi
1499 2243 1765 2317 honori
1794 2244 2063 2317 habent
2093 2242 2196 2342 (3)
2226 2273 2257 2312 »
2282 2299 2301 2316 .

444 2363 645 2434 Hanc
671 2361 1050 2435 verborum
1087 2359 1499 2455 superbiam
1544 2383 1654 2434 res
1692 2360 1865 2457 ipsae
1912 2357 2181 2457 (rarum
2217 2361 2292 2432 in
2339 2346 2579 2433 homsi-

344 2477 560 2550 nibus
605 2477 698 2551 de
744 2476 1136 2573 semetipsis
1185 2474 1767 2575 praedicantibus)
1809 2475 1988 2551 adeo
2041 2499 2187 2549 non
2235 2475 2581 2548 refellunt

342 2601 470 2668 aut
523 2600 931 2685 extenuant,
973 2599 1055 2665 ut
1098 2599 1343 2666 contra
1401 2593 1831 2666 confirment
1892 2599 2105 2690 atque
2172 2593 2387 2666 etiam
2450 2616 2580 2666 au-

341 2718 578 2808 geant.

445 2830 567 2903 Rei
627 2828 924 2901 scenicae
987 2850 1271 2923 semper
1333 2827 1579 2902 favisse
1640 2828 1811 2901 deos
1884 2833 2233 2901 testantur
2290 2827 2581 2902 oracula

343 2969 572 3042 quum
609 2944 698 3019 ab
750 2944 1084 3040 Apolline
1127 2944 1408 3040 Pythio,
1454 2950 1609 3018 tum
1656 2968 1698 3018 a
1734 2948 1901 3019 Jove
1946 2945 2308 3019 Dodonaeo
2349 2944 2540 3018 edita
2554 2971 2573 3032 ;

342 3061 607 3160 quihus
662 3062 969 3135 recitatis
1019 3059 1218 3135 addit
1278 3062 1789 3135 Demosthenes
1856 3086 1874 3134 ε
1953 3091 1983 3129 «
2039 3064 2221 3137 Sunt
2274 3061 2571 3149 civitati,
2704 3160 2707 3163 .

338 3179 833 3265 AthenienseS,
887 3183 958 3251 et
984 3177 1141 3251 haec
1180 3184 1250 3251 et
1283 3177 1511 3251 multa
1538 3175 1679 3251 alia
1711 3178 2029 3267 oracula,
2059 3178 2248 3252 bona
2288 3186 2357 3250 et
2395 3201 2579 3273 prae-

291 3392 294 3395 *
341 3294 560 3367 clara.
597 3295 783 3380 Quid
814 3294 1031 3391 igitur
1060 3318 1145 3367 ex
1176 3293 1319 3366 illis
1360 3317 1490 3367 nos
1530 3296 1602 3366 in
1644 3302 1883 3369 mente
1931 3294 2196 3370 habere
2247 3300 2577 3392 oportet?

343 3408 527 3482 Illud
565 3432 732 3483 sane
773 3430 789 3481 2
834 3416 1068 3482 cetera
1114 3408 1407 3505 quidem
1455 3432 1655 3483 sacra
1683 3408 1817 3482 diis
1847 3409 1921 3482 in
1955 3432 2391 3507 unoquoque
2428 3432 2579 3481 res-

341 3549 570 3621 ponso
625 3524 1006 3622 designatis
1060 3526 1298 3621 peragi
1340 3527 1656 3622 jussum,
1719 3526 1843 3600 sed
1888 3526 2145 3599 choros
2188 3525 2461 3598 institui
2508 3532 2577 3599 et

343 3642 531 3714 cives
581 3642 908 3715 coronari
948 3642 1348 3714 secundum
1382 3642 1608 3739 patria
1655 3642 2017 3732 instituta,
2100 3641 2176 3711 in
2243 3640 2577 3714 omnibus

342 3776 626 3853 semper
686 3756 996 3829 oraculis
1060 3755 1383 3829 additum
1433 3755 1565 3855 (4).
1628 3785 1661 3823 ι)
1734 3760 1904 3830 Haec
1965 3754 2311 3829 vocabula
2370 3760 2577 3854 χόρους

341 3878 589 3943 ἱστάναι
622 3873 835 3946 latius
864 3895 1082 3969 quam
1112 3871 1202 3946 ad
1233 3873 1491 3947 choros
1521 3874 1712 3969 ipsos
1732 3880 2045 3970 spectare
2066 3878 2136 3947 et
2162 3896 2313 3948 rem
2336 3873 2573 3945 sceni-

418 4120 505 4201 (1)
548 4121 636 4181 De
678 4118 896 4181 thiasis
925 4112 1063 4181 vide
1098 4120 1396 4195 Foueart‚
1433 4116 1530 4179 des
1559 4117 1949 4179 Associations
1976 4117 2305 4199 reliqz'eases
2332 4116 2463 4180 ckez
2494 4116 2574 4179 les

339 4213 538 4277 Grec-s,
569 4214 768 4290 Paris,
801 4217 980 4276 1873.
1591 4288 1604 4305 ,

417 4307 503 4389 (2)
547 4311 648 4369 Fr.
681 4312 1083 4383 Lenormant‚
1112 4306 1464 4369 Becherclzes
1489 4309 1527 4368 ὰ
1552 4307 1809 4381 Εῖειιεῑὶς,
1842 4310 1941 4385 26,
1974 4306 2019 4367 Ιι
2052 4312 2153 4369 432

419 4401 502 4482 (3)
556 4401 783 4482 Corpus
811 4402 988 4463 inser.
1018 4422 1140 4483 qr„
1173 4401 1425 4477 3067,1.
1461 4404 1662 4463 16-17.

420 4496 506 4578 (4)
548 4496 897 4575 Demosth.‚
932 4496 990 4556 in
1022 4495 1289 4569 Mediam,
1323 4494 1534 4558 51-550
