3392 5500
805 729 972 798 sunt
1009 720 1504 808 Athenienses,
1553 719 1707 815 qui,
1750 717 1827 792 in
1877 715 2395 794 constituendis
2451 716 2537 788 iis
2594 739 3043 815 quaecunque

802 839 892 916 ad
947 839 1281 936 Dionysia
1327 833 1768 935 spectabant,
1816 837 2078 911 omisso
2137 836 2297 932 jure
2339 833 2706 908 communi
2759 840 2881 909 aut
2918 833 3045 908 de-

801 958 1081 1054 scriptis
1117 955 1314 1030 novis
1341 952 1647 1052 legibuS,
1681 952 1967 1028 civilem
1998 952 2375 1043 rationem,
2412 950 2524 1025 dei
2552 952 2801 1048 gratia,
2836 975 3041 1050 pror-

803 1097 925 1148 sus
959 1073 1426 1148 inverterunt.

896 1193 1133 1276 Quum
1174 1185 1435 1260 Bacchi
1483 1182 1677 1258 festis
1718 1185 2083 1258 universos
2134 1183 2321 1257 cives
2369 1181 2611 1258 adesse
2647 1189 3033 1281 oporteret,

798 1304 951 1402 lege
980 1301 1371 1402 jubebatur
1407 1299 1655 1374 litibus
1702 1298 2178 1398 supersederi,
2221 1298 2432 1372 vetito
2471 1321 2563 1374 ne
2601 1299 2789 1395 quiS,
2828 1301 3041 1374 etiam

792 1421 1067 1520 judicio
1106 1419 1350 1508 victor,
1393 1415 1695 1491 dilatum
1740 1441 1838 1490 aes
1882 1416 2198 1491 alienum
2230 1415 2567 1512 exigeret,
2611 1415 2718 1491 vel
2758 1414 3031 1513 aliquid
3084 1417 3089 1422 ’

797 1539 996 1614 aliud
1031 1535 1506 1634 prehenderet
1543 1539 1667 1608 aut
1699 1535 1767 1607 vi
1800 1535 2134 1609 auferret.

907 1687 939 1724 «
980 1656 1220 1744 Quum
1259 1652 1517 1727 Bacchi
1554 1675 1819 1749 pompa
1849 1653 1924 1726 in
1964 1653 2190 1725 Piraeo
2220 1647 2425 1726 estet
2463 1650 2773 1726 comoedi
2807 1659 2875 1728 et
2903 1659 3042 1727 tra-

798 1773 983 1870 goedi
1026 1777 1097 1844 et
1126 1793 1351 1866 quum
1398 1768 1676 1843 Lenaeis
1715 1791 1979 1865 pompa
2032 1776 2137 1842 est
2175 1774 2244 1852 et
2289 1766 2588 1866 tragoedi
2626 1775 2694 1844 et
2734 1770 3038 1846 comoedi

797 1895 866 1963 et
899 1911 1120 1985 quum
1163 1884 1517 1981 Dionysiis
1551 1884 1846 1958 urbanis
1886 1908 2150 1983 pompa
2184 1892 2289 1959 est
2334 1891 2405 1959 et
2442 1886 2648 1982 pueri
2690 1893 2761 1960 et
2793 1910 3041 1962 comus

800 2011 871 2080 et
908 2001 1216 2078 comoedi
1256 2007 1326 2075 et
1356 2000 1655 2098 tragoedi
1685 2008 1758 2075 et
1790 2000 2334 2099 Thargeliorum
2370 2002 2448 2075 in
2484 2025 2748 2100 pompa
2776 2010 2845 2077 et
2874 2027 3041 2077 cer-

795 2121 1091 2208 tamine,
1140 2141 1232 2192 ne
1261 2116 1471 2192 liceat
1503 2117 1611 2190 vel
1645 2117 1943 2214 pignora
1973 2115 2081 2190 vel
2114 2119 2507 2215 quidquam
2533 2118 2725 2215 quod
2756 2119 2845 2192 sit
2871 2118 3041 2193 alte-

796 2238 947 2311 rius
975 2258 1254 2332 capere,
1293 2258 1385 2307 ne
1428 2233 1724 2307 illorum
1763 2233 2056 2330 quidem
2092 2235 2214 2330 qui
2256 2235 2348 2308 ad
2390 2234 2580 2309 diem
2615 2259 2763 2309 non
2802 2235 3039 2311 solve-

798 2355 966 2443 rint,
1004 2353 1201 2427 hisce
1227 2348 1506 2424 diebus.
1546 2353 1640 2423 At
1669 2350 1729 2423 si
1762 2351 1924 2447 quis
1961 2332 2226 2424 horum
2264 2350 2540 2448 aliquid
2570 2352 3031 2444 commiserit,

797 2472 862 2545 ei
907 2471 1031 2567 qui
1077 2491 1324 2566 passus
1368 2473 1475 2541 est
1515 2467 1634 2564 jus
1693 2473 1843 2541 esto
1896 2467 1971 2540 in
2014 2465 2225 2539 illum
2279 2466 2534 2564 agendi
2585 2476 2656 2541 et
2706 2468 3036 2544 adversus

798 2585 1007 2660 illum
1031 2583 1558 2659 accusationem
1594 2579 1953 2680 (προὸολάς)
1984 2581 2288 2673 ferendi,
2324 2590 2669 2680 tanquam
2694 2584 3035 2682 injuriam

798 2703 1173 2780 facientem
1203 2760 1220 2793 ,
1279 2700 1356 2775 in
1441 2698 1786 2775 concione
1864 2699 1938 2772 in
2022 2699 2176 2775 aede
2256 2697 2517 2775 Bacchi
2585 2708 3031 2799 congregata,

799 2818 1408 2919 quemadmodum
1437 2815 1526 2893 de
1565 2816 1821 2891 ceteris
1857 2816 2200 2914 injuriam
2236 2816 2663 2892 facientibus
2691 2816 3034 2916 scriptum

799 2945 904 3014 est
934 2936 1067 3038 (1).
1109 2966 1142 3005 »

898 3060 1059 3154 Ipsa
1097 3051 1311 3128 etiam
1357 3049 1598 3125 civitas
1643 3074 1767 3127 eos
1816 3050 1940 3148 qui
1983 3050 2059 3124 in
2101 3071 2384 3125 carcere
2438 3048 2757 3149 publico,
2802 3051 2895 3127 ob
2940 3076 3035 3127 aes

798 3174 1142 3262 alienum,
1196 3169 1458 3243 inclusi
1492 3176 1719 3258 erant,
1756 3166 2053 3243 vadibus
2089 3168 2525 3255 constitutiS‚
2576 3168 2837 3243 horum
2885 3170 3037 3245 die-

798 3314 962 3365 rum
999 3287 1251 3386 spatio,
1291 3286 1614 3361 emittere
1666 3285 1941 3361 solebat
1985 3309 2079 3359 ne
2128 3283 2556 3383 cujusquam
2607 3276 2788 3359 civis
2829 3286 3028 3362 cultu

796 3407 973 3485 deus
1001 3403 1454 3481 fraudaretur
1491 3400 1629 3503 (2).

895 3529 979 3599 In
1023 3521 1259 3597 choris
1301 3544 1462 3596 vero
1510 3519 1987 3610 instituendiS,
2042 3518 2167 3615 qui
2221 3526 2549 3615 sumptus
2595 3518 2918 3593 tribuum
2965 3526 3033 3595 et

799 3642 1308 3740 choragorumt
1367 3659 1531 3734 quae
1573 3634 1835 3726 studia,
1887 3634 2414 3732 magistratibus
2460 3632 3025 3733 inspicientibus,

753 3944 757 3951 ’
872 3940 954 4025 (1)
994 3932 1344 4016 Demosth.,
1377 3933 1440 3997 in
1463 3930 1734 4012 Midiam,
1766 3936 1865 3997 1οι
1902 3962 1975 3981 -·-
2004 3920 2079 3994 in
2104 3918 2329 3995 eadem
2353 3931 2638 3994 oratione
2666 3928 3028 4012 exemplum

791 4023 1146 4103 invenimus
1190 4032 1372 4114 (175).
1413 4032 1622 4105 Quum
1658 4028 1950 4091 Evander
1986 4026 2247 4108 quidam
2282 4024 2651 4106 Menippum
2677 4027 2903 4087 Carem
2932 4045 3028 4087 ac-

787 4136 960 4198 tione
982 4129 1357 4195 mercatoria
1377 4127 1770 4199 damnatum,
1804 4138 1994 4205 quem
2016 4122 2193 4203 prius
2212 4138 2527 4202 nusquam
2556 4120 3024 4201 apprehendere

789 4230 1100 4311 potuerat,
1131 4226 1201 4287 in
1233 4220 1547 4303 mysteriis
1572 4224 1797 4281 nactus
1826 4216 2213 4298 arripuisset,
2245 4214 2490 4276 delatus
2518 4214 2686 4294 apud
2715 4214 3022 4293 populum

785 4344 825 4387 a
851 4323 1146 4403 Menippo
1185 4323 1386 4380 totam
1414 4314 1721 4376 mulctam
1755 4310 1907 4393 (duo
1934 4308 2197 4389 talenta)
2230 4307 2552 4369 remittere
2581 4312 2833 4368 coactus
2859 4307 3019 4383 fuit3

784 4420 941 4501 quin
967 4417 1158 4479 etiam
1181 4412 1430 4495 judices
1452 4408 1777 4472 hominem
1817 4404 2022 4486 capite
2062 4404 2483 4477 damnassent,
2529 4400 2652 4463 nisi
2696 4408 3023 4463 accusator

782 4516 1316 4690 desgtfflssosth„
1340 4608 1544 4663 contra
1563 4596 1815 4662 Androt.
1826 4638 1844 4673 ,
1871 4589 2273 4658 68.·÷Sehol;
2294 4588 2645 4668 Demosth.3
2663 4608 2727 4670 pa
2752 4592 2896 4667 614,
2916 4594 3017 4653 23.
