3392 5500
1726 546 2045 604 -22—

865 677 1178 750 Tertium
1222 675 1402 750 illud
1442 686 1509 750 et
1562 699 1727 749 cum
1780 676 2139 774 prioribus
2184 678 2691 773 conjunctum,
2750 703 2999 755 curare

770 801 848 865 ut
885 817 1168 868 coronae
1199 792 1287 867 ab
1327 791 1720 866 artificibus
1760 801 2050 889 propter
2083 791 2432 867 beneficia
2469 793 2753 867 tributae
2784 804 3000 893 quot-

768 911 975 993 annis
1027 912 1098 982 in
1155 910 1468 998 theatr0‚
1503 910 1853 1005 praeconis
1894 931 2063 982 voce
2124 909 2627 983 nuntiarentur
2671 918 2739 985 et
2788 914 3004 986 ceteri

767 1027 1086 1124 ejusdem
1137 1027 1414 1124 generis
1463 1025 1819 1119 honoreS‚
1874 1024 2274 1101 secundum
2332 1025 2613 1101 decreta
2673 1028 2999 1126 collegii,

766 1142 1212 1239 temporibus
1241 1143 1462 1234 statiS,
1497 1143 1629 1215 rite
1668 1140 2227 1216 decernerentur
2254 1140 2386 1242 (1).

864 1264 1019 1333 Jam
1049 1261 1186 1334 hoc
1207 1283 1473 1332 munus
1507 1258 1727 1332 iidem
1749 1259 2026 1333 homini
2056 1259 2319 1333 iterum
2345 1260 2674 1335 mandari
2692 1265 3005 1358 potuisse

769 1375 975 1451 docet
1011 1376 1289 1472 insigne
1339 1376 1661 1450 Cratonis
1700 1375 2144 1472 exemplum,
2189 1377 2364 1471 quin
2410 1377 2623 1450 etiam
2663 1402 2831 1452 cum
2882 1402 3007 1454 sa-

769 1494 1084 1568 cerdotio
1142 1492 1358 1565 simul
1419 1492 1723 1589 suscipi3
1802 1492 1927 1565 sed
1985 1490 2208 1566 altera
2271 1491 2760 1588 designatione
2826 1519 3004 1591 opus
3049 1503 3053 1508 ’

769 1609 928 1682 fuit.
997 1610 1174 1697 Quae
1231 1608 1497 1705 duplex
1543 1608 1846 1705 dignitas
1906 1606 2120 1681 simul
2171 1606 2390 1680 iidem
2451 1610 2599 1681 viro
2653 1609 3005 1708 suffragiis

770 1727 1125 1801 sociorum
1158 1724 1390 1800 delata
1427 1724 1582 1798 laus
1629 1725 2008 1822 singularis
2040 1722 2408 1800 videbatur
2431 1782 2451 1813 ,
2494 1748 2628 1799 nec
2663 1727 3009 1801 omissum

773 1843 908 1916 fuit
941 1843 1015 1913 in
1049 1840 1409 1939 prioribus
1435 1841 1657 1915 titulis
1682 1864 2243 1915 commemorare
2272 1865 2418 1914 uno
2448 1864 2637 1915 anno
2669 1844 3009 1919 eumdem

773 1966 843 2032 et
882 1959 1313 2033 sacerdotem
1345 1958 1607 2032 Bacchi
1642 1965 1713 2030 et
1751 1958 2249 2054 agonothetam
2280 1942 2496 2032 fuisse
2529 1967 2844 2033 creatum
2871 1961 3005 2059 (2).

773 2077 1014 2152 Serius
1038 2083 1276 2149 autem
1303 2082 1425 2149 aut
1456 2098 1588 2148 usu
1613 2082 1738 2148 aut
1766 2074 1919 2172 lege
1949 2073 2246 2147 invaluit
2273 2081 2356 2149 ut
2378 2075 2501 2170 qui
2532 2077 3011 2180 sacerdotium

778 2194 1117 2268 Eumenis
1155 2191 1603 2282 obtinuisset,
1649 2190 2644 2289 idem-agonothetae‘munere
2682 2191 3013 2290 fungere-

781 2316 895 2382 tur
929 2309 1060 2408 (3).

872 2425 1314 2524 Agonotheta
1346 2427 1425 2500 in
1462 2424 1686 2499 titulis
1730 2425 1963 2499 solum
1999 2424 2184 2500 Teiis
2236 2425 2473 2499 adhuc
2512 2434 2839 2523 repertus
2877 2434 3005 2500 est.

781 2549 862 2618 In
919 2567 1004 2618 ea
1053 2543 1248 2617 enim
1307 2541 1482 2617 urbe
1533 2542 1889 2616 artificum
1932 2541 2236 2639 collegio
2299 2565 2719 2616 concessum
2760 2543 2895 2618 fuit
2936 2550 3013 2618 ut

777 2667 1055 2759 partem
1080 2660 1396 2734 civilium
1428 2660 1642 2733 etiam
1671 2682 2039 2733 sacrorum
2069 2657 2204 2732 sibi
2242 2659 2636 2732 vindicaret
2658 2665 2753 2752 et,
2788 2682 3012 2759 quum

775 2779 966 2875 apud
994 2784 1265 2852 ceteros
1294 2782 1601 2868 GraecOS,
1633 2778 2081 2875 agonothetae
2108 2782 2176 2849 et
2204 2776 2679 2873 choragorum
2708 2799 3011 2851 munera

775 2916 817 2966 a
839 2891 1112 2965 civibus
1135 2905 1654 2979 exercerentur,
1687 2892 1762 2965 id
1790 2914 2003 2965 omne
2032 2891 2183 2964 Teii
2212 2890 2517 2967 artifices
2538 2892 3005 2988 susciperent.

777 3011 950 3095 Quae
989 3007 1268 3105 collegii
1306 3010 1642 3105 potentia,
1691 3008 1932 3080 nescio
1968 3030 2060 3081 an
2086 3006 2311 3080 nimia
2333 3007 2585 3082 incolis
2623 3008 2795 3096 visa,
2842 3030 3014 3082 cau-

772 3148 928 3198 sam
961 3123 1427 3198 seditionibus
1480 3124 1781 3212 dederit,
1844 3131 2131 3220 propter
2184 3147 2365 3221 quas
2412 3124 2635 3199 Teum
2678 3123 3007 3201 deserere

780 3247 1106 3314 coactum
1142 3240 1277 3314 fuit
1317 3239 1448 3340 (4).

877 3360 975 3429 Ex
1001 3358 1233 3431 Attico
1262 3357 1561 3454 collegio
1600 3381 1828 3430 unum
1867 3362 2301 3447 curatorem,
2340 3364 2743 3455 ἐπιμελητήν,
2790 3360 3005 3433 novi-

784 3498 966 3547 mus,
1019 3473 1241 3571 Cujus
1271 3497 1537 3546 munus
1564 3496 1889 3546 annuum
1924 3472 2136 3572 quale
2171 3473 2385 3547 fuerit
2419 3472 2730 3549 declarat
2760 3476 3013 3549 titulus

787 3589 1188 3663 Eleusinius
1215 3590 1291 3663 in
1323 3593 1673 3663 honorem
1704 3589 2151 3664 Philemonis
2181 3590 2555 3688 cujusdam
2584 3592 3016 3688 perscriptus

783 3707 908 3802 qui
949 3730 1059 3779 res
1094 3705 1448 3779 artificum
1477 3705 2001 3780 calamitatibus
2034 3712 2443 3803 temporum
2471 3706 2769 3781 afflictas
2796 3709 3014 3781 erexit

784 3830 852 3896 et
889 3844 1107 3919 prope
1144 3820 1454 3917 perditas
1484 3823 1813 3896 restituit.
1850 3824 2240 3897 Maximum
2280 3845 2447 3898 sane
2485 3824 2625 3898 hoc
2671 3822 2809 3898 fuit
2833 3880 2853 3917 ,
2896 3824 3014 3898 cui

870 4074 955 4153 (1)
999 4072 1231 4153 Corpus
1269 4072 1833 4153 inscr.9r.,3067,
1880 4074 1924 4135 1.
1969 4076 2088 4150 263
2130 4074 2290 4137 3068
2328 4076 2403 4150 A,
2444 4075 2490 4137 1.
2521 4077 2618 4136 16.
2652 4077 2913 4139 -3068
2937 4077 3012 4151 Α,

867 4260 951 4340 (2)
999 4258 1221 4340 Corpus
1250 4260 1426 4320 inser.
1457 4280 1582 4340 qr„
1605 4264 1787 4340 3067,
1819 4261 1865 4322 l.
1897 4264 2061 4325 9-10.

863 4354 950 4435 (3)
995 4352 1222 4434 Corpus
1250 4353 1425 4415 anscr
1454 4373 1575 4433 qr„
1612 4356 1770 4416 3068
1801 4359 1872 4431 Α,
1916 4355 1960 4417 1.
1991 4360 2107 4432 17;
2152 4354 2232 4415 cf.
2259 4355 2305 4416 l.
2338 4358 2410 4431 1;
2451 4358 2628 4432 3070,
2666 4354 2710 4417 l.
2749 4360 2811 4418 2.
2835 4360 3013 4418 -Le

787 4450 907 4510 Bas
931 4453 996 4508 et
1022 4447 1473 4527 Waddington‚
1507 4447 1695 4509 Inscr.
1737 4447 1797 4508 d’
1797 4448 2247 4525 Asze-Mineure‚
2278 4451 2379 4511 93.

865 4536 948 4622 (4)
998 4542 1246 4617 Strabo,
1280 4542 1442 4617 XIV,
1475 4558 1522 4619 1,
1553 4545 1655 4629 29.
