3392 5500
1834 584 2156 652 ...34-

875 722 1133 800 scenici
1175 748 1402 798 unum
1437 724 1620 798 diem
1665 721 2037 798 solennem
2081 722 2569 816 instituerunt,
2620 723 2746 820 qui
2802 719 2915 798 dei
2958 719 3105 797 dies

870 843 1158 940 proprie
1231 841 1585 916 diceretur
1651 838 1759 938 (1)
1782 867 1801 928 ;
1877 840 1954 912 in
2022 840 2327 930 theatr0,
2394 863 2657 938 pompa
2712 837 3107 914 ducebatur

869 965 1076 1056 cujus
1105 957 1373 1032 mentio
1398 957 1499 1030 ita
1522 956 1603 1029 fit
1633 964 1711 1030 ut
1749 956 1949 1053 parvi
1978 955 2193 1031 fuisse
2221 978 2335 1029 res
2364 955 2518 1051 ipsa
2556 956 2841 1030 scenica
2868 956 3102 1030 videa—

865 1084 988 1148 tur
1026 1097 1174 1170 prae
1222 1096 1394 1146 cura
1436 1087 1682 1146 rerum
1728 1071 2129 1146 divinarum
2154 1077 2281 1163 (2).
2334 1075 2650 1168 Repetita
2679 1073 2923 1162 etiam,
2990 1094 3097 1145 se-

867 1189 1190 1263 cundum
1233 1188 1515 1285 collegii
1543 1187 1764 1286 leges,
1801 1211 2090 1285 quoque
2120 1208 2390 1276 mense,
2429 1189 2723 1264 nomine
2745 1189 3100 1262 artificum

864 1305 1206 1381 sacrificia
1255 1305 1390 1404 (3).
1432 1305 1717 1378 Pietatis
1760 1305 2278 1380 documentum
2323 1305 2461 1378 fuit
2488 1306 2790 1403 insigne,
2842 1307 2901 1378 si
2946 1307 3105 1402 quis

862 1425 1191 1498 scenicus
1225 1424 1300 1496 in
1335 1421 1847 1499 certaminibus
1882 1424 2106 1498 victor
2143 1443 2477 1520 personas
2528 1429 2599 1498 et
2648 1445 2948 1499 coronas
2982 1423 3101 1499 de-

861 1541 1129 1614 dicaret
1159 1537 1291 1637 (4).

953 1659 1114 1730 Non
1153 1679 1322 1730 vero
1361 1655 1511 1730 sola
1547 1657 1808 1730 Bacchi
1843 1653 2188 1753 religione
2228 1659 2639 1733 continetur
2674 1657 2831 1732 haec
2871 1657 3100 1732 artifi-

859 1797 1026 1848 cum
1067 1773 1318 1869 pietaS‚
1368 1771 1491 1846 sed
1546 1774 1635 1846 ad
1675 1773 1815 1847 alia
1856 1797 2145 1871 quoque
2183 1775 2491 1850 numina
2544 1799 2619 1850 se
2665 1777 2905 1866 vertit,
2952 1799 3102 1850 non

853 1890 978 1964 illa
1006 1890 1382 1986 peregrina
1406 1897 1476 1962 et
1501 1889 1812 1963 externis
1843 1891 2469 1993 superstitionibus
2512 1891 2837 1983 colenda,
2864 1891 2987 1966 sed
3013 1893 3101 1967 ad

853 2008 1022 2081 deos
1053 2029 1215 2080 vere
1247 2005 1533 2079 Graecos
1569 2013 1637 2080 et
1677 2007 1906 2102 patrio
1934 2007 2265 2080 omnium
2304 2008 2669 2082 civitatum
2704 2009 2901 2082 cultu
2933 2033 3098 2106 pro-

853 2121 1278 2220 sequendos
1316 2120 1679 2195 Laudatur
1720 2123 1864 2196 Teii
1918 2121 2198 2220 collegii
2236 2124 2564 2198 sacerdos
2616 2124 2707 2200 ob
2755 2127 3102 2200 sacrificia
3150 2137 3155 2143 “

851 2237 1036 2313 bene
1061 2244 1135 2312 et
1161 2236 1538 2334 splendide
1587 2245 1656 2312 et
1695 2235 1908 2335 digne
1954 2238 2256 2336 collegio
2303 2247 2586 2336 peracta
2632 2261 2779 2315 non
2818 2243 3096 2315 Baccho

861 2357 1125 2445 solum,
1169 2353 1292 2432 sed
1340 2355 1557 2429 Musis
1606 2377 1893 2452 quoque
1936 2364 2008 2429 et
2052 2355 2373 2453 Apollini
2414 2357 2661 2454 Pythio
2703 2358 3097 2456 ceterisque

851 2474 1004 2548 deis
1043 2471 1176 2571 (5).

945 2589 1132 2676 Quin
1189 2588 1402 2663 etiam
1446 2587 1789 2678 artificeS,
1848 2588 2130 2684 pietatis
2184 2611 2423 2680 causa,
2482 2596 2769 2666 externa
2824 2587 3095 2691 templa

851 2705 1169 2794 adibant,
1215 2729 1300 2780 ea
1339 2705 1646 2782 maxime
1682 2726 1845 2805 quae
1890 2714 2337 2784 sacrosancta
2380 2711 2879 2807 mysteriorum
2923 2711 3087 2787 reli-

849 2825 1061 2921 gione
1086 2822 1592 2897 inclaruerunt.
1639 2826 1880 2909 Quum
1906 2826 2103 2899 enim
2150 2826 2228 2898 in
2254 2848 2631 2903 marmore
2674 2828 3091 2904 Samothra·—

851 2940 962 3014 cio
1003 2960 1236 3036 nuper
1277 2939 1556 3029 effosso,
1599 2942 1899 3015 nomina
1935 2942 2379 3031 theol-orum,
2427 2942 2503 3016 id
2542 2951 2648 3019 est
2691 2944 3108 3042 legatorum·

846 3078 1254 3144 sacrorum,
1323 3056 1450 3152 qui
1510 3080 1551 3129 a
1613 3058 1878 3131 Graecis
1944 3058 2345 3134 civitatibus
2404 3059 2495 3133 ad
2556 3062 3089 3139 venerationem

849 3174 1274 3269 Magnorum
1309 3176 1620 3247 Deorum
1655 3174 2150 3265 mittebantur,
2187 3178 2665 3272 proferantur,
2700 3185 3091 3254 occurrunt

847 3289 1088 3363 theori
1119 3289 1492 3385 acollegio
1535 3290 1751 3364 {oniae
1786 3298 1858 3365 et
1901 3290 2342 3390 Hellesponti
2386 3294 2673 3390 publice
2712 3298 2910 3370 missi
2952 3295 3081 3395 (6).

849 3404 1215 3496 Andaniae,
1253 3406 1409 3503 lege
1449 3405 1897 3503 jubebantur
1954 3409 2082 3481 viri
2136 3410 2227 3483 ad
2273 3412 2723 3507 procuranda
2758 3414 3086 3511 mysteria

849 3519 1193 3618 designati
1234 3523 1616 3619 quotannis
1650 3546 1740 3597 ex
1790 3523 2181 3625 artificibus
2209 3524 2541 3601 tibicines
2570 3536 2649 3603 et
2682 3527 3087 3602 citharistas

849 3636 1333 3731 praescribere,
1397 3640 1616 3712 sacris
1673 3644 1749 3713 et
1800 3640 2150 3735 mysteriis
2214 3664 2505 3737 operam
2557 3642 2873 3718 daturos.
2950 3642 3083 3731 Qui

927 3833 1014 3916 (1)
1057 3834 1350 3911 Foucart,
1387 3833 1580 3895 Revue
1607 3835 1895 3911 archeol„
1932 3837 2107 3915 1870,
2140 3841 2188 3898 t.
2221 3839 2295 3913 11,
2327 3858 2391 3921 p.
2424 3842 2563 3919 107,
2590 3840 2636 3905 1.
2662 3844 2763 3905 32.

929 3932 1008 4008 (2)
1065 3930 1292 4009 Corpus
1325 3927 1500 3990 inser.
1529 3948 1654 4008 qr„
1684 3932 1867 4009 3067,
1900 3930 1945 3993 1.
1976 3934 2053 3992 23
2078 3937 2142 3993 et
2168 3951 2297 4014 seq.

926 4022 1010 4102 (3)
1053 4022 1343 4099 Foucart,
1380 4021 1539 4083 titul.
1569 4020 1821 4099 laudat„
1854 4023 1897 4085 1.
1930 4025 2029 4085 13.

916 4116 1007 4197 (4)
1047 4118 1132 4177 Le
1161 4118 1282 4177 Bas
1311 4122 1374 4177 et
1403 4116 1858 4198 Waddington,
1899 4118 2090 4179 Inscr⁴
2133 4116 2641 4200 d'Asie-Mineare,
2671 4126 2774 4187 92.
2794 4148 2878 4171 -—
2896 4127 3077 4187 Doro*

839 4210 1026 4272 theus
1055 4210 1308 4272 Sosiclis
1336 4210 1526 4288 filius,
1559 4211 1899 4273 Thebanus
1935 4212 2194 4292 tibicen,
2230 4214 2301 4275 in
2324 4216 2458 4279 aede
2495 4218 2724 4279 Bacchi
2760 4225 3073 4281 consecrat

837 4305 1180 4383 capistrum
1225 4310 1290 4366 et
1327 4304 1514 4366 tibias
1562 4323 1709 4367 cum
1765 4306 2155 4370 dedicatione
2197 4308 2370 4373 haud
2412 4311 2769 4375 invenusta.
2818 4313 3065 4375 Anthol.

833 4398 1030 4477 palat.
1066 4397 1336 4479 Append.
1362 4402 1422 4461 7

912 4490 999 4573 (5)
1049 4491 1324 4572 Corpus
1299 4512 1474 4553 mser.
1501 4512 1624 4574 972,
1659 4494 1842 4570 3067,
1874 4491 1919 4555 1.·
1953 4497 2053 4557 12-
2058 4499 2153 4557 14

917 4586 1002 4666 (6)
1044 4588 1266 4662 Come,
1300 4586 1480 4649 Reise
1509 4586 1624 4649 auf
1637 4587 1764 4649 den
1776 4588 1985 4651 Inseln
2017 4588 2126 4652 des
2148 4588 2581 4657 Thrakischen
2599 4591 2861 4671 Meeres,
2886 4612 2947 4675 p,
2966 4595 3057 4656 65.-
