<?xml version="1.0" encoding="UTF-8"?>
<!DOCTYPE html PUBLIC "-//W3C//DTD XHTML 1.0 Transitional//EN"
    "http://www.w3.org/TR/xhtml1/DTD/xhtml1-transitional.dtd">
<html xmlns="http://www.w3.org/1999/xhtml" xml:lang="en" lang="en">
 <head>
  <title>
</title>
<meta http-equiv="Content-Type" content="text/html;charset=utf-8" />
  <meta name='ocr-system' content='tesseract 3.04.00' />
  <meta name='ocr-capabilities' content='ocr_page ocr_carea ocr_par ocr_line ocrx_word'/>
</head>
<body>
  <div class='ocr_page' id='page_1' title='image "./decollegiisscen02foucgoog_0074.png"; bbox 0 0 3392 5500; ppageno 0'>
   <div class='ocr_carea' id='block_1_1' title="bbox 1753 564 2069 625">
    <p class='ocr_par' dir='ltr' id='par_1_1' title="bbox 1753 564 2069 625">
     <span class='ocr_line' id='line_1_1' title="bbox 1753 564 2069 625; baseline 0.006 -16"><span class='ocrx_word' id='word_1_1' title='bbox 1753 564 2069 625; x_wconf 74' lang='lat'>...53-</span> 
     </span>
    </p>
   </div>
   <div class='ocr_carea' id='block_1_2' title="bbox 803 696 3031 912">
    <p class='ocr_par' dir='ltr' id='par_1_2' title="bbox 803 696 3031 912">
     <span class='ocr_line' id='line_1_2' title="bbox 912 696 3031 795; baseline 0.005 -30"><span class='ocrx_word' id='word_1_2' title='bbox 912 728 945 766; x_wconf 72' lang='grc' dir='ltr'>«ι</span> <span class='ocrx_word' id='word_1_3' title='bbox 979 702 1080 772; x_wconf 84' lang='lat' dir='ltr'>Ex</span> <span class='ocrx_word' id='word_1_4' title='bbox 1109 700 1194 771; x_wconf 91' lang='lat' dir='ltr'>iis</span> <span class='ocrx_word' id='word_1_5' title='bbox 1224 698 1347 795; x_wconf 90' lang='lat' dir='ltr'>qui</span> <span class='ocrx_word' id='word_1_6' title='bbox 1386 699 1458 772; x_wconf 91' lang='lat' dir='ltr'>in</span> <span class='ocrx_word' id='word_1_7' title='bbox 1502 719 1663 771; x_wconf 89' lang='lat' dir='ltr'>meo</span> <span class='ocrx_word' id='word_1_8' title='bbox 1701 697 2110 793; x_wconf 84' lang='lat' dir='ltr'>magistratu</span> <span class='ocrx_word' id='word_1_9' title='bbox 2147 696 2579 771; x_wconf 84' lang='lat' dir='ltr'>voluntatem</span> <span class='ocrx_word' id='word_1_10' title='bbox 2617 699 3031 775; x_wconf 79' lang='lat' dir='ltr'>declarave—</span> 
     </span>
     <span class='ocr_line' id='line_1_3' title="bbox 803 812 3031 912; baseline 0.001 -24"><span class='ocrx_word' id='word_1_11' title='bbox 803 823 997 903; x_wconf 87' lang='lat' dir='ltr'><strong>runt,</strong></span> <span class='ocrx_word' id='word_1_12' title='bbox 1038 815 1384 889; x_wconf 89' lang='lat' dir='ltr'>dederunt</span> <span class='ocrx_word' id='word_1_13' title='bbox 1421 814 1690 911; x_wconf 80' lang='lat' dir='ltr'>:Pytho</span> <span class='ocrx_word' id='word_1_14' title='bbox 1721 813 2053 909; x_wconf 74' lang='lat' dir='ltr'>Scylacis,</span> <span class='ocrx_word' id='word_1_15' title='bbox 2089 813 2214 910; x_wconf 91' lang='lat' dir='ltr'>qui</span> <span class='ocrx_word' id='word_1_16' title='bbox 2248 812 2384 886; x_wconf 84' lang='lat' dir='ltr'>suit</span> <span class='ocrx_word' id='word_1_17' title='bbox 2417 814 2797 912; x_wconf 85' lang='lat' dir='ltr'>choragus,</span> <span class='ocrx_word' id='word_1_18' title='bbox 2823 816 3031 891; x_wconf 89' lang='lat' dir='ltr'>Clino</span> 
     </span>
    </p>
   </div>
   <div class='ocr_carea' id='block_1_3' title="bbox 794 929 3032 1262">
    <p class='ocr_par' dir='ltr' id='par_1_3' title="bbox 794 929 3032 1262">
     <span class='ocr_line' id='line_1_4' title="bbox 802 929 3032 1029; baseline 0.001 -24"><span class='ocrx_word' id='word_1_19' title='bbox 802 933 1107 1007; x_wconf 79' lang='lat' dir='ltr'>Evandri</span> <span class='ocrx_word' id='word_1_20' title='bbox 1138 930 1749 1029; x_wconf 88' lang='lat' dir='ltr'>choropsaltriam,</span> <span class='ocrx_word' id='word_1_21' title='bbox 1793 930 1982 1005; x_wconf 90' lang='lat' dir='ltr'>binis</span> <span class='ocrx_word' id='word_1_22' title='bbox 2005 929 2258 1005; x_wconf 90' lang='lat' dir='ltr'>diebus</span> <span class='ocrx_word' id='word_1_23' title='bbox 2267 984 2575 1007; x_wconf 90' lang='grc'><strong>..........</strong></span> <span class='ocrx_word' id='word_1_24' title='bbox 2605 932 3032 1029; x_wconf 89' lang='lat' dir='ltr'>Apollonius</span> 
     </span>
     <span class='ocr_line' id='line_1_5' title="bbox 800 1045 3029 1145; baseline 0.002 -26"><span class='ocrx_word' id='word_1_25' title='bbox 800 1049 1062 1133; x_wconf 87' lang='lat' dir='ltr'>Bionis,</span> <span class='ocrx_word' id='word_1_26' title='bbox 1115 1049 1239 1145; x_wconf 91' lang='lat' dir='ltr'>qui</span> <span class='ocrx_word' id='word_1_27' title='bbox 1288 1048 1423 1120; x_wconf 86' lang='lat' dir='ltr'>fuit</span> <span class='ocrx_word' id='word_1_28' title='bbox 1470 1071 1556 1120; x_wconf 84' lang='lat' dir='ltr'>ex</span> <span class='ocrx_word' id='word_1_29' title='bbox 1610 1046 1982 1143; x_wconf 87' lang='lat' dir='ltr'>inquilinis</span> <span class='ocrx_word' id='word_1_30' title='bbox 2042 1046 2418 1143; x_wconf 78' lang='lat' dir='ltr'>choraguS‚</span> <span class='ocrx_word' id='word_1_31' title='bbox 2455 1045 2662 1121; x_wconf 88' lang='lat' dir='ltr'>Clino</span> <span class='ocrx_word' id='word_1_32' title='bbox 2719 1050 3029 1123; x_wconf 82' lang='lat' dir='ltr'>Evandri</span> 
     </span>
     <span class='ocr_line' id='line_1_6' title="bbox 794 1162 2118 1262; baseline -0.005 -25"><span class='ocrx_word' id='word_1_33' title='bbox 794 1164 1407 1262; x_wconf 89' lang='lat' dir='ltr'>choropsaltriam,</span> <span class='ocrx_word' id='word_1_34' title='bbox 1457 1186 1597 1239; x_wconf 89' lang='lat' dir='ltr'>una</span> <span class='ocrx_word' id='word_1_35' title='bbox 1634 1162 1752 1237; x_wconf 89' lang='lat' dir='ltr'>die</span> <span class='ocrx_word' id='word_1_36' title='bbox 1780 1162 1885 1262; x_wconf 91' lang='lat'>(1)</span> <span class='ocrx_word' id='word_1_37' title='bbox 1896 1217 2044 1237; x_wconf 91' lang='grc'><strong>.....</strong></span> <span class='ocrx_word' id='word_1_38' title='bbox 2085 1192 2118 1231; x_wconf 69' lang='grc' dir='ltr'><strong>υ</strong></span> 
     </span>
    </p>
   </div>
   <div class='ocr_carea' id='block_1_4' title="bbox 772 1278 3039 4285">
    <p class='ocr_par' dir='ltr' id='par_1_4' title="bbox 783 1278 3026 2868">
     <span class='ocr_line' id='line_1_7' title="bbox 892 1278 3017 1377; baseline 0 -23"><span class='ocrx_word' id='word_1_39' title='bbox 892 1282 1102 1356; x_wconf 83' lang='lat' dir='ltr'>Pauci</span> <span class='ocrx_word' id='word_1_40' title='bbox 1155 1279 1545 1355; x_wconf 83' lang='lat' dir='ltr'><strong>admodum</strong></span> <span class='ocrx_word' id='word_1_41' title='bbox 1612 1280 1914 1354; x_wconf 87' lang='lat' dir='ltr'>artifices</span> <span class='ocrx_word' id='word_1_42' title='bbox 1957 1280 2344 1377; x_wconf 83' lang='lat' dir='ltr'>quotannis</span> <span class='ocrx_word' id='word_1_43' title='bbox 2387 1278 2642 1355; x_wconf 87' lang='lat' dir='ltr'>urbem</span> <span class='ocrx_word' id='word_1_44' title='bbox 2691 1279 3017 1371; x_wconf 87' lang='lat' dir='ltr'>adibant,</span> 
     </span>
     <span class='ocr_line' id='line_1_8' title="bbox 798 1395 3026 1494; baseline 0.001 -23"><span class='ocrx_word' id='word_1_45' title='bbox 798 1397 969 1485; x_wconf 87' lang='lat' dir='ltr'>duo,</span> <span class='ocrx_word' id='word_1_46' title='bbox 1026 1397 1115 1470; x_wconf 91' lang='lat' dir='ltr'>ad</span> <span class='ocrx_word' id='word_1_47' title='bbox 1165 1418 1532 1469; x_wconf 90' lang='lat' dir='ltr'>summum</span> <span class='ocrx_word' id='word_1_48' title='bbox 1595 1403 1738 1468; x_wconf 90' lang='lat' dir='ltr'>tres</span> <span class='ocrx_word' id='word_1_49' title='bbox 1784 1396 2036 1469; x_wconf 84' lang='lat' dir='ltr'>musici</span> <span class='ocrx_word' id='word_1_50' title='bbox 2087 1402 2208 1469; x_wconf 87' lang='lat' dir='ltr'>aut</span> <span class='ocrx_word' id='word_1_51' title='bbox 2247 1402 2544 1486; x_wconf 81' lang='lat' dir='ltr'>actores,</span> <span class='ocrx_word' id='word_1_52' title='bbox 2585 1395 2944 1494; x_wconf 89' lang='lat' dir='ltr'>iidemque</span> <span class='ocrx_word' id='word_1_53' title='bbox 2983 1422 3026 1473; x_wconf 88' lang='lat' dir='ltr'>a</span> 
     </span>
     <span class='ocr_line' id='line_1_9' title="bbox 795 1508 3024 1609; baseline 0.001 -24"><span class='ocrx_word' id='word_1_54' title='bbox 795 1511 1121 1609; x_wconf 88' lang='lat' dir='ltr'>pluribus</span> <span class='ocrx_word' id='word_1_55' title='bbox 1180 1514 1505 1609; x_wconf 85' lang='lat' dir='ltr'>choragis</span> <span class='ocrx_word' id='word_1_56' title='bbox 1562 1512 2010 1587; x_wconf 76' lang='lat' dir='ltr'>continenter</span> <span class='ocrx_word' id='word_1_57' title='bbox 2065 1508 2381 1585; x_wconf 81' lang='lat' dir='ltr'>exhibiti.</span> <span class='ocrx_word' id='word_1_58' title='bbox 2439 1514 2615 1585; x_wconf 86' lang='lat' dir='ltr'>Octo</span> <span class='ocrx_word' id='word_1_59' title='bbox 2667 1534 3024 1587; x_wconf 88' lang='lat' dir='ltr'>annorum</span> 
     </span>
     <span class='ocr_line' id='line_1_10' title="bbox 792 1628 3022 1726; baseline 0.001 -25"><span class='ocrx_word' id='word_1_60' title='bbox 792 1630 1017 1725; x_wconf 87' lang='lat' dir='ltr'>spatio</span> <span class='ocrx_word' id='word_1_61' title='bbox 1058 1630 1377 1726; x_wconf 89' lang='lat' dir='ltr'>quinque</span> <span class='ocrx_word' id='word_1_62' title='bbox 1424 1628 1757 1718; x_wconf 89' lang='lat' dir='ltr'>comoedi,</span> <span class='ocrx_word' id='word_1_63' title='bbox 1805 1628 2101 1725; x_wconf 86' lang='lat' dir='ltr'>tragoedi</span> <span class='ocrx_word' id='word_1_64' title='bbox 2149 1634 2430 1701; x_wconf 88' lang='lat' dir='ltr'>tantum</span> <span class='ocrx_word' id='word_1_65' title='bbox 2477 1628 2645 1716; x_wconf 84' lang='lat' dir='ltr'>due,</span> <span class='ocrx_word' id='word_1_66' title='bbox 2701 1630 3022 1726; x_wconf 89' lang='lat' dir='ltr'>quinque</span> 
     </span>
     <span class='ocr_line' id='line_1_11' title="bbox 793 1744 3020 1843; baseline 0.001 -25"><span class='ocrx_word' id='word_1_67' title='bbox 793 1746 1121 1820; x_wconf 79' lang='lat' dir='ltr'>tibicines</span> <span class='ocrx_word' id='word_1_68' title='bbox 1146 1746 1317 1820; x_wconf 88' lang='lat' dir='ltr'>varii</span> <span class='ocrx_word' id='word_1_69' title='bbox 1346 1747 1649 1843; x_wconf 86' lang='lat' dir='ltr'>generis,</span> <span class='ocrx_word' id='word_1_70' title='bbox 1686 1768 1876 1818; x_wconf 89' lang='lat' dir='ltr'>unus</span> <span class='ocrx_word' id='word_1_71' title='bbox 1897 1744 2250 1835; x_wconf 81' lang='lat' dir='ltr'>aulcedus,</span> <span class='ocrx_word' id='word_1_72' title='bbox 2286 1753 2428 1819; x_wconf 87' lang='lat' dir='ltr'>tres</span> <span class='ocrx_word' id='word_1_73' title='bbox 2459 1744 2871 1837; x_wconf 64' lang='lat' dir='ltr'>citharistae,</span> <span class='ocrx_word' id='word_1_74' title='bbox 2906 1747 3020 1820; x_wconf 90' lang='lat' dir='ltr'>lu-</span> 
     </span>
     <span class='ocr_line' id='line_1_12' title="bbox 792 1860 3020 1962; baseline 0 -25"><span class='ocrx_word' id='word_1_75' title='bbox 792 1863 899 1937; x_wconf 90' lang='lat' dir='ltr'>dis</span> <span class='ocrx_word' id='word_1_76' title='bbox 941 1861 1325 1936; x_wconf 84' lang='lat' dir='ltr'>adsuerunt</span> <span class='ocrx_word' id='word_1_77' title='bbox 1364 1862 1495 1962; x_wconf 73' lang='lat'>(2).</span> <span class='ocrx_word' id='word_1_78' title='bbox 1547 1866 1629 1935; x_wconf 90' lang='lat' dir='ltr'>ln</span> <span class='ocrx_word' id='word_1_79' title='bbox 1668 1863 1804 1936; x_wconf 89' lang='lat' dir='ltr'>hac</span> <span class='ocrx_word' id='word_1_80' title='bbox 1849 1862 2206 1936; x_wconf 88' lang='lat' dir='ltr'>artificum</span> <span class='ocrx_word' id='word_1_81' title='bbox 2245 1860 2752 1959; x_wconf 80' lang='lat' dir='ltr'>infrequentia,</span> <span class='ocrx_word' id='word_1_82' title='bbox 2793 1886 3020 1960; x_wconf 89' lang='lat' dir='ltr'>quum</span> 
     </span>
     <span class='ocr_line' id='line_1_13' title="bbox 790 1978 3020 2075; baseline 0 -21"><span class='ocrx_word' id='word_1_83' title='bbox 790 2002 1019 2054; x_wconf 90' lang='lat' dir='ltr'>unum</span> <span class='ocrx_word' id='word_1_84' title='bbox 1058 1978 1600 2055; x_wconf 84' lang='lat' dir='ltr'>Athenodorum</span> <span class='ocrx_word' id='word_1_85' title='bbox 1634 1978 2070 2066; x_wconf 86' lang='lat' dir='ltr'>comoedum,</span> <span class='ocrx_word' id='word_1_86' title='bbox 2106 1979 2228 2075; x_wconf 90' lang='lat' dir='ltr'>qui</span> <span class='ocrx_word' id='word_1_87' title='bbox 2263 1981 2502 2053; x_wconf 88' lang='lat' dir='ltr'>Iasum</span> <span class='ocrx_word' id='word_1_88' title='bbox 2539 1998 2786 2053; x_wconf 77' lang='lat' dir='ltr'>rursus</span> <span class='ocrx_word' id='word_1_89' title='bbox 2831 1978 3020 2054; x_wconf 89' lang='lat' dir='ltr'>adie-</span> 
     </span>
     <span class='ocr_line' id='line_1_14' title="bbox 786 2095 3013 2194; baseline 0.001 -25"><span class='ocrx_word' id='word_1_90' title='bbox 786 2102 898 2169; x_wconf 85' lang='lat' dir='ltr'>rat</span> <span class='ocrx_word' id='word_1_91' title='bbox 933 2118 1061 2191; x_wconf 90' lang='lat' dir='ltr'>per</span> <span class='ocrx_word' id='word_1_92' title='bbox 1110 2120 1228 2170; x_wconf 84' lang='lat' dir='ltr'>sex</span> <span class='ocrx_word' id='word_1_93' title='bbox 1264 2096 1415 2170; x_wconf 89' lang='lat' dir='ltr'>dies</span> <span class='ocrx_word' id='word_1_94' title='bbox 1464 2118 1583 2171; x_wconf 83' lang='lat' dir='ltr'>sex</span> <span class='ocrx_word' id='word_1_95' title='bbox 1636 2096 1924 2191; x_wconf 88' lang='lat' dir='ltr'>choragi</span> <span class='ocrx_word' id='word_1_96' title='bbox 1971 2095 2495 2192; x_wconf 79' lang='lat' dir='ltr'>produxissent,</span> <span class='ocrx_word' id='word_1_97' title='bbox 2539 2117 2626 2169; x_wconf 86' lang='lat' dir='ltr'>ex</span> <span class='ocrx_word' id='word_1_98' title='bbox 2667 2101 3013 2194; x_wconf 89' lang='lat' dir='ltr'>tempore,</span> 
     </span>
     <span class='ocr_line' id='line_1_15' title="bbox 787 2210 3018 2309; baseline 0.001 -24"><span class='ocrx_word' id='word_1_99' title='bbox 787 2212 929 2286; x_wconf 89' lang='lat' dir='ltr'>duo</span> <span class='ocrx_word' id='word_1_100' title='bbox 969 2212 1256 2309; x_wconf 76' lang='lat' dir='ltr'>choi-agi</span> <span class='ocrx_word' id='word_1_101' title='bbox 1293 2235 1420 2308; x_wconf 89' lang='lat' dir='ltr'>per</span> <span class='ocrx_word' id='word_1_102' title='bbox 1448 2218 1589 2286; x_wconf 90' lang='lat' dir='ltr'>tres</span> <span class='ocrx_word' id='word_1_103' title='bbox 1630 2212 1782 2286; x_wconf 89' lang='lat' dir='ltr'>dies</span> <span class='ocrx_word' id='word_1_104' title='bbox 1815 2210 2293 2286; x_wconf 77' lang='lat' dir='ltr'>exhibuerunt</span> <span class='ocrx_word' id='word_1_105' title='bbox 2328 2211 2403 2283; x_wconf 92' lang='lat' dir='ltr'>in</span> <span class='ocrx_word' id='word_1_106' title='bbox 2442 2211 2720 2286; x_wconf 90' lang='lat' dir='ltr'>theatro</span> <span class='ocrx_word' id='word_1_107' title='bbox 2759 2212 3018 2287; x_wconf 89' lang='lat' dir='ltr'>mulie-</span> 
     </span>
     <span class='ocr_line' id='line_1_16' title="bbox 786 2327 3016 2427; baseline 0.001 -26"><span class='ocrx_word' id='word_1_108' title='bbox 786 2352 935 2403; x_wconf 90' lang='lat' dir='ltr'>rem</span> <span class='ocrx_word' id='word_1_109' title='bbox 963 2332 1439 2427; x_wconf 78' lang='grc' dir='ltr'><strong>χοροψαλτρίαν,</strong></span> <span class='ocrx_word' id='word_1_110' title='bbox 1483 2329 1558 2402; x_wconf 93' lang='lat' dir='ltr'>id</span> <span class='ocrx_word' id='word_1_111' title='bbox 1607 2336 1714 2403; x_wconf 88' lang='lat' dir='ltr'>est</span> <span class='ocrx_word' id='word_1_112' title='bbox 1753 2352 1916 2426; x_wconf 71' lang='lat' dir='ltr'>quae</span> <span class='ocrx_word' id='word_1_113' title='bbox 1962 2328 2177 2401; x_wconf 89' lang='lat' dir='ltr'>simul</span> <span class='ocrx_word' id='word_1_114' title='bbox 2203 2327 2433 2402; x_wconf 82' lang='lat' dir='ltr'>levem</span> <span class='ocrx_word' id='word_1_115' title='bbox 2461 2328 2812 2403; x_wconf 88' lang='lat' dir='ltr'>citharam</span> <span class='ocrx_word' id='word_1_116' title='bbox 2841 2330 3016 2427; x_wconf 91' lang='lat' dir='ltr'>pul-</span> 
     </span>
     <span class='ocr_line' id='line_1_17' title="bbox 785 2440 3014 2542; baseline 0.002 -29"><span class='ocrx_word' id='word_1_117' title='bbox 785 2440 981 2516; x_wconf 83' lang='lat' dir='ltr'>sabat</span> <span class='ocrx_word' id='word_1_118' title='bbox 1017 2451 1086 2517; x_wconf 89' lang='lat' dir='ltr'>et</span> <span class='ocrx_word' id='word_1_119' title='bbox 1122 2442 1445 2535; x_wconf 83' lang='lat' dir='ltr'>saltabat,</span> <span class='ocrx_word' id='word_1_120' title='bbox 1476 2443 1680 2517; x_wconf 87' lang='lat' dir='ltr'>nullo</span> <span class='ocrx_word' id='word_1_121' title='bbox 1715 2444 1855 2516; x_wconf 89' lang='lat' dir='ltr'>alio</span> <span class='ocrx_word' id='word_1_122' title='bbox 1884 2440 2121 2517; x_wconf 88' lang='lat' dir='ltr'>adhuc</span> <span class='ocrx_word' id='word_1_123' title='bbox 2150 2443 2476 2539; x_wconf 86' lang='lat' dir='ltr'>exemplo</span> <span class='ocrx_word' id='word_1_124' title='bbox 2512 2443 2795 2517; x_wconf 83' lang='lat' dir='ltr'>feminae</span> <span class='ocrx_word' id='word_1_125' title='bbox 2824 2445 3014 2542; x_wconf 89' lang='lat' dir='ltr'>inge-</span> 
     </span>
     <span class='ocr_line' id='line_1_18' title="bbox 783 2560 3012 2657; baseline 0.002 -26"><span class='ocrx_word' id='word_1_126' title='bbox 783 2582 947 2632; x_wconf 82' lang='lat' dir='ltr'>nuae</span> <span class='ocrx_word' id='word_1_127' title='bbox 1005 2560 1082 2632; x_wconf 92' lang='lat' dir='ltr'>in</span> <span class='ocrx_word' id='word_1_128' title='bbox 1148 2561 1425 2635; x_wconf 89' lang='lat' dir='ltr'>theatro</span> <span class='ocrx_word' id='word_1_129' title='bbox 1492 2560 1816 2633; x_wconf 87' lang='lat' dir='ltr'>saltantis</span> <span class='ocrx_word' id='word_1_130' title='bbox 1839 2613 1858 2652; x_wconf 95' lang='lat'>,</span> <span class='ocrx_word' id='word_1_131' title='bbox 1918 2580 2133 2657; x_wconf 89' lang='lat' dir='ltr'>quam</span> <span class='ocrx_word' id='word_1_132' title='bbox 2191 2582 2338 2633; x_wconf 91' lang='lat' dir='ltr'>non</span> <span class='ocrx_word' id='word_1_133' title='bbox 2409 2560 2690 2657; x_wconf 87' lang='lat' dir='ltr'>collegii</span> <span class='ocrx_word' id='word_1_134' title='bbox 2755 2562 3012 2636; x_wconf 89' lang='lat' dir='ltr'>scenici</span> 
     </span>
     <span class='ocr_line' id='line_1_19' title="bbox 783 2673 3012 2773; baseline 0 -24"><span class='ocrx_word' id='word_1_135' title='bbox 783 2675 1197 2772; x_wconf 87' lang='lat' dir='ltr'>participem</span> <span class='ocrx_word' id='word_1_136' title='bbox 1244 2677 1371 2751; x_wconf 89' lang='lat' dir='ltr'>sed</span> <span class='ocrx_word' id='word_1_137' title='bbox 1424 2676 1736 2752; x_wconf 88' lang='lat' dir='ltr'>incolam</span> <span class='ocrx_word' id='word_1_138' title='bbox 1789 2679 2171 2768; x_wconf 86' lang='lat' dir='ltr'>Iasensem,</span> <span class='ocrx_word' id='word_1_139' title='bbox 2213 2680 2436 2750; x_wconf 89' lang='lat' dir='ltr'>artem</span> <span class='ocrx_word' id='word_1_140' title='bbox 2482 2673 2809 2773; x_wconf 81' lang='lat' dir='ltr'>privatim</span> <span class='ocrx_word' id='word_1_141' title='bbox 2851 2698 3012 2751; x_wconf 90' lang='lat' dir='ltr'>me-</span> 
     </span>
     <span class='ocr_line' id='line_1_20' title="bbox 784 2791 1852 2868; baseline 0.002 -4"><span class='ocrx_word' id='word_1_142' title='bbox 784 2791 1127 2866; x_wconf 87' lang='lat' dir='ltr'>ditantem</span> <span class='ocrx_word' id='word_1_143' title='bbox 1158 2792 1373 2868; x_wconf 87' lang='lat' dir='ltr'>fuisse</span> <span class='ocrx_word' id='word_1_144' title='bbox 1402 2801 1681 2867; x_wconf 87' lang='lat' dir='ltr'>certum</span> <span class='ocrx_word' id='word_1_145' title='bbox 1719 2799 1852 2866; x_wconf 90' lang='lat' dir='ltr'>est.</span> 
     </span>
    </p>

    <p class='ocr_par' dir='ltr' id='par_1_5' title="bbox 776 2908 3039 3792">
     <span class='ocr_line' id='line_1_21' title="bbox 878 2908 3009 3007; baseline 0.001 -27"><span class='ocrx_word' id='word_1_146' title='bbox 878 2911 1149 2981; x_wconf 89' lang='lat' dir='ltr'>Harum</span> <span class='ocrx_word' id='word_1_147' title='bbox 1207 2908 1714 2983; x_wconf 84' lang='lat' dir='ltr'>difficultatum</span> <span class='ocrx_word' id='word_1_148' title='bbox 1783 2931 2012 3007; x_wconf 91' lang='lat' dir='ltr'>quum</span> <span class='ocrx_word' id='word_1_149' title='bbox 2079 2911 2393 2982; x_wconf 88' lang='lat' dir='ltr'>Iasenses</span> <span class='ocrx_word' id='word_1_150' title='bbox 2451 2909 2874 3005; x_wconf 83' lang='lat' dir='ltr'>pceniteret,</span> <span class='ocrx_word' id='word_1_151' title='bbox 2941 2921 3009 2983; x_wconf 86' lang='lat' dir='ltr'>et</span> 
     </span>
     <span class='ocr_line' id='line_1_22' title="bbox 781 3023 3011 3124; baseline 0.001 -26"><span class='ocrx_word' id='word_1_152' title='bbox 781 3032 1123 3121; x_wconf 89' lang='lat' dir='ltr'>cuperent</span> <span class='ocrx_word' id='word_1_153' title='bbox 1195 3026 1527 3122; x_wconf 81' lang='lat' dir='ltr'>Dionysia</span> <span class='ocrx_word' id='word_1_154' title='bbox 1586 3027 2032 3099; x_wconf 88' lang='lat' dir='ltr'>constantius</span> <span class='ocrx_word' id='word_1_155' title='bbox 2087 3033 2158 3099; x_wconf 89' lang='lat' dir='ltr'>et</span> <span class='ocrx_word' id='word_1_156' title='bbox 2228 3023 2673 3121; x_wconf 88' lang='lat' dir='ltr'>splendidius</span> <span class='ocrx_word' id='word_1_157' title='bbox 2727 3028 3011 3124; x_wconf 83' lang='lat' dir='ltr'>peragi,</span> 
     </span>
     <span class='ocr_line' id='line_1_23' title="bbox 778 3139 3039 3238; baseline 0.001 -25"><span class='ocrx_word' id='word_1_158' title='bbox 778 3141 1030 3214; x_wconf 88' lang='lat' dir='ltr'>Teium</span> <span class='ocrx_word' id='word_1_159' title='bbox 1095 3139 1474 3238; x_wconf 83' lang='lat' dir='ltr'>collegium</span> <span class='ocrx_word' id='word_1_160' title='bbox 1530 3163 1657 3237; x_wconf 88' lang='lat' dir='ltr'>per</span> <span class='ocrx_word' id='word_1_161' title='bbox 1710 3143 2079 3238; x_wconf 91' lang='lat' dir='ltr'>antiquam</span> <span class='ocrx_word' id='word_1_162' title='bbox 2144 3139 2532 3214; x_wconf 88' lang='lat' dir='ltr'>amicitiam</span> <span class='ocrx_word' id='word_1_163' title='bbox 2588 3148 3039 3238; x_wconf 73' lang='lat' dir='ltr'>rogaverunt,</span> 
     </span>
     <span class='ocr_line' id='line_1_24' title="bbox 786 3254 3006 3355; baseline 0.001 -28"><span class='ocrx_word' id='word_1_164' title='bbox 786 3263 860 3328; x_wconf 92' lang='lat' dir='ltr'>ut</span> <span class='ocrx_word' id='word_1_165' title='bbox 906 3254 1041 3328; x_wconf 91' lang='lat' dir='ltr'>sibi</span> <span class='ocrx_word' id='word_1_166' title='bbox 1098 3256 1174 3328; x_wconf 89' lang='lat' dir='ltr'>in</span> <span class='ocrx_word' id='word_1_167' title='bbox 1213 3255 1401 3329; x_wconf 90' lang='lat' dir='ltr'>ludis</span> <span class='ocrx_word' id='word_1_168' title='bbox 1439 3256 1894 3354; x_wconf 86' lang='lat' dir='ltr'>perficiendis</span> <span class='ocrx_word' id='word_1_169' title='bbox 1935 3256 2366 3330; x_wconf 86' lang='lat' dir='ltr'>subveniret.</span> <span class='ocrx_word' id='word_1_170' title='bbox 2417 3257 2602 3330; x_wconf 91' lang='lat' dir='ltr'>Huic</span> <span class='ocrx_word' id='word_1_171' title='bbox 2658 3259 3006 3355; x_wconf 88' lang='lat' dir='ltr'>rogationi</span> 
     </span>
     <span class='ocr_line' id='line_1_25' title="bbox 784 3371 3008 3471; baseline 0.002 -27"><span class='ocrx_word' id='word_1_172' title='bbox 784 3394 1200 3468; x_wconf 90' lang='lat' dir='ltr'>responsum</span> <span class='ocrx_word' id='word_1_173' title='bbox 1222 3380 1351 3462; x_wconf 89' lang='lat' dir='ltr'>est,</span> <span class='ocrx_word' id='word_1_174' title='bbox 1386 3374 1530 3448; x_wconf 85' lang='lat' dir='ltr'>lato</span> <span class='ocrx_word' id='word_1_175' title='bbox 1558 3373 1869 3463; x_wconf 86' lang='lat' dir='ltr'>decret0,</span> <span class='ocrx_word' id='word_1_176' title='bbox 1904 3376 2109 3471; x_wconf 90' lang='lat' dir='ltr'>cujus</span> <span class='ocrx_word' id='word_1_177' title='bbox 2137 3373 2368 3448; x_wconf 90' lang='lat' dir='ltr'>simile</span> <span class='ocrx_word' id='word_1_178' title='bbox 2390 3371 2676 3446; x_wconf 91' lang='lat' dir='ltr'>nullum</span> <span class='ocrx_word' id='word_1_179' title='bbox 2702 3373 3008 3448; x_wconf 87' lang='lat' dir='ltr'>alterum</span> 
     </span>
     <span class='ocr_line' id='line_1_26' title="bbox 779 3485 3002 3588; baseline 0.003 -31"><span class='ocrx_word' id='word_1_180' title='bbox 779 3485 1123 3561; x_wconf 90' lang='lat' dir='ltr'>habemus</span> <span class='ocrx_word' id='word_1_181' title='bbox 1144 3515 1163 3576; x_wconf 90' lang='lat'>;</span> <span class='ocrx_word' id='word_1_182' title='bbox 1208 3488 1410 3564; x_wconf 86' lang='lat' dir='ltr'>valde</span> <span class='ocrx_word' id='word_1_183' title='bbox 1448 3489 1840 3564; x_wconf 88' lang='lat' dir='ltr'>dolendum</span> <span class='ocrx_word' id='word_1_184' title='bbox 1879 3491 2094 3587; x_wconf 87' lang='lat' dir='ltr'>igitur</span> <span class='ocrx_word' id='word_1_185' title='bbox 2122 3487 2315 3588; x_wconf 89' lang='lat' dir='ltr'>quod</span> <span class='ocrx_word' id='word_1_186' title='bbox 2343 3491 2556 3587; x_wconf 89' lang='lat' dir='ltr'>primi</span> <span class='ocrx_word' id='word_1_187' title='bbox 2595 3513 2834 3565; x_wconf 80' lang='lat' dir='ltr'>versus</span> <span class='ocrx_word' id='word_1_188' title='bbox 2861 3515 3002 3566; x_wconf 89' lang='lat' dir='ltr'>non</span> 
     </span>
     <span class='ocr_line' id='line_1_27' title="bbox 776 3603 3005 3703; baseline 0.001 -27"><span class='ocrx_word' id='word_1_189' title='bbox 776 3603 1037 3699; x_wconf 85' lang='lat' dir='ltr'>integri</span> <span class='ocrx_word' id='word_1_190' title='bbox 1071 3604 1162 3678; x_wconf 88' lang='lat' dir='ltr'>ad</span> <span class='ocrx_word' id='word_1_191' title='bbox 1200 3628 1329 3678; x_wconf 91' lang='lat' dir='ltr'>nos</span> <span class='ocrx_word' id='word_1_192' title='bbox 1367 3606 1848 3702; x_wconf 86' lang='lat' dir='ltr'>pervenerint.</span> <span class='ocrx_word' id='word_1_193' title='bbox 1901 3608 2000 3679; x_wconf 87' lang='lat' dir='ltr'>Ex</span> <span class='ocrx_word' id='word_1_194' title='bbox 2036 3606 2270 3696; x_wconf 90' lang='lat' dir='ltr'>initio,</span> <span class='ocrx_word' id='word_1_195' title='bbox 2323 3628 2484 3703; x_wconf 85' lang='lat' dir='ltr'>quae</span> <span class='ocrx_word' id='word_1_196' title='bbox 2532 3605 2733 3702; x_wconf 91' lang='lat' dir='ltr'>potui</span> <span class='ocrx_word' id='word_1_197' title='bbox 2776 3613 3005 3680; x_wconf 88' lang='lat' dir='ltr'>trans-</span> 
     </span>
     <span class='ocr_line' id='line_1_28' title="bbox 780 3717 940 3792; baseline 0.013 -2"><span class='ocrx_word' id='word_1_198' title='bbox 780 3717 940 3792; x_wconf 91' lang='lat' dir='ltr'>tuli.</span> 
     </span>
    </p>

    <p class='ocr_par' dir='ltr' id='par_1_6' title="bbox 772 3837 3010 4285">
     <span class='ocr_line' id='line_1_29' title="bbox 876 3837 3010 3937; baseline 0.005 -33"><span class='ocrx_word' id='word_1_199' title='bbox 876 3864 913 3904; x_wconf 72' lang='grc' dir='ltr'>(ι</span> <span class='ocrx_word' id='word_1_200' title='bbox 942 3837 1301 3932; x_wconf 82' lang='lat' dir='ltr'>Sententia</span> <span class='ocrx_word' id='word_1_201' title='bbox 1326 3837 1606 3935; x_wconf 84' lang='lat' dir='ltr'>collegii</span> <span class='ocrx_word' id='word_1_202' title='bbox 1628 3841 2071 3926; x_wconf 89' lang='lat' dir='ltr'>scenicorum</span> <span class='ocrx_word' id='word_1_203' title='bbox 2091 3862 2176 3913; x_wconf 83' lang='lat' dir='ltr'>ex</span> <span class='ocrx_word' id='word_1_204' title='bbox 2195 3839 2396 3913; x_wconf 88' lang='lat' dir='ltr'>Ionia</span> <span class='ocrx_word' id='word_1_205' title='bbox 2411 3838 3010 3937; x_wconf 90' lang='lat' dir='ltr'>Hellespontoque</span> 
     </span>
     <span class='ocr_line' id='line_1_30' title="bbox 772 3951 3008 4049; baseline 0.001 -24"><span class='ocrx_word' id='word_1_206' title='bbox 772 3958 845 4025; x_wconf 89' lang='lat' dir='ltr'>et</span> <span class='ocrx_word' id='word_1_207' title='bbox 904 3951 1225 4049; x_wconf 80' lang='lat' dir='ltr'>proesidis</span> <span class='ocrx_word' id='word_1_208' title='bbox 1266 3954 1527 4028; x_wconf 90' lang='lat' dir='ltr'>Bacchi</span> <span class='ocrx_word' id='word_1_209' title='bbox 1582 3954 1964 4028; x_wconf 87' lang='lat' dir='ltr'>artificum.</span> <span class='ocrx_word' id='word_1_210' title='bbox 2020 3959 2256 4041; x_wconf 86' lang='lat' dir='ltr'>Quum</span> <span class='ocrx_word' id='word_1_211' title='bbox 2307 3955 2620 4030; x_wconf 86' lang='lat' dir='ltr'>Iasenses</span> <span class='ocrx_word' id='word_1_212' title='bbox 2669 3956 2880 4030; x_wconf 88' lang='lat' dir='ltr'>amici</span> <span class='ocrx_word' id='word_1_213' title='bbox 2939 3963 3008 4030; x_wconf 91' lang='lat' dir='ltr'>et</span> 
     </span>
     <span class='ocr_line' id='line_1_31' title="bbox 774 4068 3004 4169; baseline 0.002 -28"><span class='ocrx_word' id='word_1_214' title='bbox 774 4068 1156 4143; x_wconf 87' lang='lat' dir='ltr'>familiares</span> <span class='ocrx_word' id='word_1_215' title='bbox 1209 4071 1545 4145; x_wconf 89' lang='lat' dir='ltr'>adversus</span> <span class='ocrx_word' id='word_1_216' title='bbox 1595 4094 1728 4146; x_wconf 91' lang='lat' dir='ltr'>nos</span> <span class='ocrx_word' id='word_1_217' title='bbox 1783 4072 2050 4167; x_wconf 87' lang='lat' dir='ltr'>optime</span> <span class='ocrx_word' id='word_1_218' title='bbox 2105 4073 2403 4169; x_wconf 85' lang='lat' dir='ltr'>egerint,</span> <span class='ocrx_word' id='word_1_219' title='bbox 2463 4073 3004 4169; x_wconf 88' lang='lat' dir='ltr'>maximumque</span> 
     </span>
     <span class='ocr_line' id='line_1_32' title="bbox 774 4185 3009 4285; baseline 0.002 -29"><span class='ocrx_word' id='word_1_220' title='bbox 774 4185 1089 4259; x_wconf 88' lang='lat' dir='ltr'>studium</span> <span class='ocrx_word' id='word_1_221' title='bbox 1126 4195 1197 4262; x_wconf 89' lang='lat' dir='ltr'>et</span> <span class='ocrx_word' id='word_1_222' title='bbox 1232 4187 1622 4262; x_wconf 87' lang='lat' dir='ltr'>amicitiam</span> <span class='ocrx_word' id='word_1_223' title='bbox 1651 4186 1885 4261; x_wconf 87' lang='lat' dir='ltr'>verbis</span> <span class='ocrx_word' id='word_1_224' title='bbox 1915 4193 1988 4260; x_wconf 90' lang='lat' dir='ltr'>et</span> <span class='ocrx_word' id='word_1_225' title='bbox 2013 4186 2215 4261; x_wconf 85' lang='lat' dir='ltr'>factis</span> <span class='ocrx_word' id='word_1_226' title='bbox 2241 4209 2403 4284; x_wconf 85' lang='lat' dir='ltr'>erga</span> <span class='ocrx_word' id='word_1_227' title='bbox 2430 4186 2696 4285; x_wconf 85' lang='lat' dir='ltr'>legatos</span> <span class='ocrx_word' id='word_1_228' title='bbox 2730 4194 3009 4263; x_wconf 89' lang='lat' dir='ltr'>nostros</span> 
     </span>
    </p>
   </div>
   <div class='ocr_carea' id='block_1_5' title="bbox 842 4462 2772 4639">
    <p class='ocr_par' dir='ltr' id='par_1_7' title="bbox 842 4462 2772 4639">
     <span class='ocr_line' id='line_1_33' title="bbox 849 4462 2711 4544; baseline 0.001 -20"><span class='ocrx_word' id='word_1_229' title='bbox 849 4463 933 4544; x_wconf 86' lang='lat'>(1)</span> <span class='ocrx_word' id='word_1_230' title='bbox 974 4463 1061 4523; x_wconf 91' lang='lat' dir='ltr'>Le</span> <span class='ocrx_word' id='word_1_231' title='bbox 1083 4463 1203 4522; x_wconf 82' lang='lat' dir='ltr'>Bas</span> <span class='ocrx_word' id='word_1_232' title='bbox 1232 4468 1295 4523; x_wconf 88' lang='lat' dir='ltr'>et</span> <span class='ocrx_word' id='word_1_233' title='bbox 1320 4462 1776 4541; x_wconf 82' lang='lat' dir='ltr'>Waddington.</span> <span class='ocrx_word' id='word_1_234' title='bbox 1807 4464 2000 4527; x_wconf 77' lang='lat' dir='ltr'>Inscr.</span> <span class='ocrx_word' id='word_1_235' title='bbox 2030 4462 2540 4542; x_wconf 78' lang='lat' dir='ltr'>d&#39;Asie-Mineure,</span> <span class='ocrx_word' id='word_1_236' title='bbox 2570 4465 2711 4526; x_wconf 76' lang='lat'>257.</span> 
     </span>
     <span class='ocr_line' id='line_1_34' title="bbox 842 4554 2772 4639; baseline 0.001 -19"><span class='ocrx_word' id='word_1_237' title='bbox 842 4556 929 4638; x_wconf 73' lang='lat'>(2)</span> <span class='ocrx_word' id='word_1_238' title='bbox 970 4556 1055 4619; x_wconf 80' lang='lat' dir='ltr'>Le</span> <span class='ocrx_word' id='word_1_239' title='bbox 1082 4554 1203 4620; x_wconf 78' lang='lat' dir='ltr'>Bas</span> <span class='ocrx_word' id='word_1_240' title='bbox 1232 4561 1297 4621; x_wconf 77' lang='lat' dir='ltr'>et</span> <span class='ocrx_word' id='word_1_241' title='bbox 1322 4555 1774 4636; x_wconf 80' lang='lat' dir='ltr'>Waddington,</span> <span class='ocrx_word' id='word_1_242' title='bbox 1803 4555 1992 4622; x_wconf 75' lang='lat' dir='ltr'>Imcr.</span> <span class='ocrx_word' id='word_1_243' title='bbox 2029 4555 2542 4638; x_wconf 55' lang='lat' dir='ltr'>&amp;Aee-umre,</span> <span class='ocrx_word' id='word_1_244' title='bbox 2571 4575 2636 4639; x_wconf 85' lang='lat' dir='ltr'>p.</span> <span class='ocrx_word' id='word_1_245' title='bbox 2668 4557 2772 4622; x_wconf 71' lang='lat'>8&amp;</span> 
     </span>
    </p>
   </div>
   <div class='ocr_carea' id='block_1_6' title="bbox 3375 4890 3384 5465">
    <p class='ocr_par' dir='ltr' id='par_1_8' title="bbox 3375 4890 3384 5465">
     <span class='ocr_line' id='line_1_35' title="bbox 3375 4890 3384 5465; baseline 0 0"><span class='ocrx_word' id='word_1_246' title='bbox 3375 4890 3384 5465; x_wconf 95' lang='lat' dir='ltr'> </span> 
     </span>
    </p>
   </div>
  </div>
 </body>
</html>
