3392 5500
1733 482 2052 545 ..62-

776 622 947 696 Iinis
981 627 1051 696 et
1078 620 1371 695 Graeciae
1418 616 1884 693 imminentes
1921 642 2256 717 prospere
2293 629 2730 719 pugnassent
2767 622 2902 722 (1),
2943 630 3018 697 et

779 762 937 826 noS,
984 740 1239 813 eodem
1277 758 1469 810 anno
1512 733 1791 832 (1860),
1835 736 2028 811 circa
2071 735 2318 833 templi
2375 738 2658 826 rudera,
2703 746 3018 834 quatuor

780 854 1059 929 tabulas
1116 853 1555 930 Soteriorum
1624 840 1972 925 eruimuS.
2035 854 2354 939 Quarum
2401 854 3015 930 conficiendarum

784 972 961 1046 ratio
1020 994 1310 1067 prorsus
1363 991 1584 1057 nova,
1655 968 1723 1039 in
1783 970 2038 1043 ceteris
2093 968 2412 1066 ejusdem
2459 972 2740 1068 generis
2789 972 3020 1047 titulis

780 1086 1105 1161 nondum
1138 1086 1471 1161 occurrit.
1504 1084 1938 1181 Praescriptis
1961 1086 2182 1175 enim,
2220 1093 2299 1160 ut
2329 1087 2482 1161 fieri
2509 1087 2683 1162 solet
2717 1087 2806 1163 ad
2837 1096 3020 1163 tem-

781 1229 915 1301 pus
952 1203 1443 1277 definiendum
1466 1260 1483 1292 ‚
1528 1201 1868 1274 archonte
1907 1200 2278 1299 Delphico,
2328 1204 2621 1299 insuper
2655 1205 3016 1278 artificum

782 1319 1143 1395 sacerdote
1188 1330 1260 1391 et
1304 1314 2041 1405 hieromnemonibus,
2091 1317 2379 1392 additur
2411 1344 2428 1391 :
2465 1320 2571 1393 illi
2605 1332 3024 1394 certaverunt

782 1438 854 1509 in
884 1435 1251 1509 certamine
1277 1434 1729 1519 Soteriomm,
1764 1455 1990 1530 quum
2019 1434 2093 1504 in
2122 1433 2282 1507 aliis
2310 1458 2596 1531 semper
2627 1436 3012 1511 scribatur:

782 1554 890 1625 illi
922 1554 1254 1625 vicerunt.
1289 1554 1537 1647 Neque
1566 1549 1761 1623 enim
1799 1572 2049 1623 eorum
2080 1550 2205 1646 qui
2238 1550 2562 1623 vicerunt
2607 1553 2684 1626 fit
2721 1554 3014 1642 menti0,

782 1691 1019 1765 neque
1082 1668 1376 1741 victores
1429 1689 1664 1763 neque
1712 1666 1877 1739 victi
1937 1672 2307 1763 apparent,
2371 1666 2494 1742 sed
2557 1676 3021 1743 recensentur

782 1784 1203 1860 nominatim
1256 1783 1672 1880 quicunque
1719 1782 1928 1856 ludos
1982 1783 2393 1879 attigerunt,
2447 1783 2702 1860 eodem
2745 1786 2891 1860 fere
2943 1786 3020 1859 in

781 1908 1087 1999 quatuor
1123 1899 1385 1974 tabulis
1420 1899 1670 1973 ordi'ne
1705 1922 1722 1971 :
1757 1899 2116 1995 rhapsodi‚
2161 1900 2572 1993 citharistae,
2609 1900 3010 1991 citharoedi,

730 2030 735 2033 ’
783 2017 1133 2105 tibicineS,
1165 2016 1487 2113 quamvis
1521 2014 1906 2112 aliquando
1946 2040 2133 2088 unus
2172 2016 2261 2089 sit
2291 2016 2654 2091 citharista
2689 2025 2815 2092 aut
2842 2015 3018 2092 tibi-

784 2157 914 2209 cen
936 2160 955 2222 ;
1001 2132 1169 2206 dein
1207 2132 1570 2207 choreutae
1614 2130 1953 2219 universi,
1994 2153 2222 2227 quum
2262 2132 2466 2227 pueri
2497 2139 2653 2205 tum
2682 2133 2842 2222 viri,
2886 2158 3019 2207 nu-

786 2275 984 2325 mero
1014 2249 1231 2339 vario,
1268 2269 1792 2345 nonnunquam
1825 2270 1991 2319 cum
2035 2246 2183 2319 suis
2221 2248 2570 2345 magistris
2598 2254 2668 2324 et
2693 2249 3021 2324 tibicini-

785 2366 953 2457 bus;
994 2373 1237 2464 postea
1262 2364 1432 2451 duo,
1464 2372 1607 2439 tres
1630 2370 1756 2437 aut
1789 2370 2106 2461 quatuor·
2121 2386 2364 2461 greges
2395 2366 2642 2463 tragici
2667 2373 2737 2439 et
2765 2367 3017 2442 comici

785 2486 910 2584 qui
952 2490 1275 2559 constare
1303 2482 1533 2557 solent
1561 2504 1645 2555 ex
1682 2479 2042 2554 actoribus
2079 2481 2504 2577 primarum,
2539 2480 3013 2557 secundarum

789 2609 859 2675 et
910 2600 1282 2675 tertiarum
1342 2599 1678 2697 partium,
1740 2597 2076 2694 magistro
2143 2604 2210 2672 et
2276 2596 2600 2686 tibicine;
2661 2606 3018 2694 postremo

787 2718 1149 2795 choreutae
1198 2716 1479 2792 comici.
1529 2714 1790 2789 Nullus
1829 2736 1992 2788 vero
2031 2712 2366 2788 scribitur
2417 2718 2706 2788 ἐπινίκιον
2739 2716 3014 2806 vicisse,

787 2836 981 2932 quod
1008 2836 1084 2908 in
1115 2833 1299 2907 veris
1324 2831 1839 2907 certaminibus
1868 2853 2017 2906 non
2047 2831 2270 2906 deest.
2313 2835 2393 2903 ln
2432 2831 2576 2906 tine
2605 2833 2849 2925 etiam,
2875 2857 3017 2932 quo

787 2953 1009 3050 magis
1031 2951 1114 3024 fit
1142 2950 1597 3047 perspicuum
1632 2971 1867 3045 neque
1893 2948 2129 3022 ullum
2165 2949 2627 3023 commissum
2657 2956 3018 3024 certamen

787 3091 1019 3167 neque
1065 3067 1154 3141 ab
1192 3066 1343 3139 ullo
1389 3065 1612 3139 relata
1667 3064 1882 3138 fuisse
1929 3064 2254 3160 przemia,
2299 3067 2766 3139 nominantur
2804 3065 2853 3138 ii
2896 3065 3018 3161 qui

785 3192 1005 3259 vestes
1032 3184 1473 3258 locaverunt.
1529 3179 1733 3254 Adde
1773 3181 1965 3277 quod
2001 3181 2244 3278 plures
2270 3179 2381 3253 bis
2419 3189 2540 3254 aut
2571 3189 2679 3255 ter
2706 3181 2816 3256 vel
2846 3203 3019 3278 qua-

790 3308 897 3374 ter
934 3301 1246 3375 Soterios
1296 3300 1501 3372 ludos
1542 3296 1901 3387 adierunt,
1954 3320 2265 3395 quorum
2317 3297 2655 3372 nonnulli
2711 3300 2900 3373 inter
2945 3321 3018 3372 se

789 3417 1206 3514 cognatione
1244 3415 1673 3513 junguntur.
1721 3411 1928 3486 Unde
1957 3414 2122 3487 satis
2170 3419 2446 3488 constat
2495 3433 2580 3488 ea
2629 3414 3020 3487 certamina

788 3558 917 3631 per
956 3557 1182 3606 unum
1222 3531 1605 3629 collegium
1648 3535 1930 3624 peracta
1967 3535 2061 3617 et,
2098 3529 2173 3602 in
2219 3528 2482 3603 tabulis
2523 3529 3013 3620 conficiendiS‚

788 3649 1091 3722 artifices
1130 3671 1275 3722 non
1306 3647 1616 3721 victoriae
1649 3667 1796 3718 suae
1835 3642 1957 3717 sed
1987 3645 2266 3742 pietatis
2303 3668 2468 3743 erga
2497 3647 2668 3720 deos
2704 3646 3020 3720 testimo»

793 3767 1026 3855 nium,
1063 3761 1453 3861 parietibus
1498 3761 1750 3859 templi
1789 3761 2009 3835 incidi
2044 3762 2422 3850 curavisse,
2467 3763 2542 3836 in
2580 3784 2754 3860 qu0‚
2795 3786 3018 3860 quum

792 3904 1043 3955 omnes
1088 3881 1347 3976 pariter
1396 3901 1686 3974 operam
1741 3885 1817 3951 ut
1863 3876 2102 3952 debita
2147 3900 2345 3952 sacra
2401 3879 2537 3954 diis
2585 3879 3022 3954 solverentur

794 3995 1290 4094 proebuissent,
1330 3994 1657 4070 omnium
1698 3995 1992 4068 nomina
2028 3992 2180 4091 pari
2202 3993 2367 4090 jure
2406 3995 2746 4090 inscripta
2784 3993 3020 4066 fuisse.

890 4117 1023 4188 Per
1055 4111 1246 4210 quod
1286 4110 1665 4208 collegium
1709 4111 1759 4184 ii
1797 4109 1952 4183 ludi
1996 4110 2261 4207 peracti
2301 4109 2569 4183 fuerint
2595 4132 2740 4183 non
2768 4109 3013 4206 liquet.

882 4400 965 4482 (l)
1009 4396 1505 4472 KoumanoudiS,
1539 4394 1950 4476 Inserv'ptiones
1977 4394 2232 4471 meditoe,
2264 4399 2366 4457 75.
2399 4394 2667 4472 Athenis,
2699 4393 2878 4460 1860.

888 4497 969 4576 (2)
1013 4494 1419 4574 Inscriptions
1444 4491 1710 4552 inedites
1737 4491 1815 4552 de
1841 4491 2130 4570 Delphes,
2161 4493 2221 4566 3,
2252 4494 2312 4565 4,
2347 4494 2409 4566 5,
2440 4493 2501 4551 6.
