3392 5500
1256 530 1575 589 -77-

308 684 450 757 que
481 682 677 732 nunc
707 660 781 733 in
808 658 1383 754 intemperantia,
1419 661 1716 734 nuncin
1745 664 2052 757 egestate
2085 658 2358 753 degunt
2378 664 2412 731 Ἰ
2441 662 2544 733 Ex

308 782 618 873 utroque
654 776 849 850 enim
880 776 1185 871 pravitas
1216 777 1443 850 oritur
1476 775 1606 876 (1).
1646 804 1677 845 υ

409 892 601 965 Alias
638 913 883 965 causas
919 891 1069 988 jam
1118 898 1325 965 antea
1376 892 1567 965 Plato
1616 897 1686 965 et
1728 891 1941 966 altius
1994 897 2438 990 perspexerat
2474 898 2544 965 et

308 1007 644 1081 subtilius
673 1014 1129 1104 expresserat.
1169 1009 1489 1081 Primum
1534 1009 1822 1083 inanem
1856 1010 2240 1082 hominum
2280 1008 2540 1083 fastum

309 1131 519 1220 atque
558 1122 1082 1197 intolerabilem
1127 1123 1569 1221 jactantiam,
1616 1147 1784 1197 cum
1834 1149 2113 1199 summa
2159 1150 2404 1201 rerum
2434 1127 2543 1199 in·

310 1240 511 1313 scitia
556 1239 1013 1336 conjunctam
1066 1238 1141 1311 in
1190 1242 1358 1313 Ione
1398 1241 1708 1336 Ephesio
1752 1239 2052 1329 effinxit,
2094 1241 2170 1312 in
2217 1266 2360 1338 quo
2397 1264 2543 1313 non

312 1357 537 1453 magis
567 1355 1002 1452 rhapsodum
1036 1355 1270 1452 ipsum
1302 1379 1519 1453 quam
1565 1362 1791 1429 totum
1829 1356 2275 1431 scenicorum
2321 1379 2546 1454 genus

310 1497 355 1547 a
419 1497 493 1545 se
554 1472 933 1569 perstringi
997 1470 1397 1546 admonuit.
1463 1471 1737 1546 Deinde
1786 1472 2092 1547 ostendit
2146 1496 2363 1570 quam
2413 1471 2544 1546 de-

311 1590 529 1663 missa
554 1590 641 1662 sit
672 1595 742 1662 et
768 1589 1064 1661 humilis
1088 1589 1341 1685 reipsa,
1368 1590 1647 1663 etiamsi
1678 1589 1911 1688 specie
1931 1595 2000 1663 et
2027 1588 2280 1665 habitu
2315 1588 2546 1686 splen-

312 1705 506 1797 dida,
543 1729 794 1780 eorum
830 1705 1145 1779 conditio
1173 1705 1297 1802 qui
1323 1707 1454 1779 toti
1482 1730 1521 1780 e
1549 1706 1807 1803 plausu
1847 1713 1969 1780 aut
2001 1705 2226 1779 sibilis
2255 1705 2547 1779 audien-

310 1824 492 1897 tium
552 1821 943 1920 pendeant,
999 1824 1122 1919 qui
1176 1830 1411 1897 motus
1457 1824 1680 1898 animi
1728 1822 1817 1897 ad
1876 1822 2343 1920 placendum,
2401 1846 2545 1896 non

312 1939 559 2037 gloriae
605 1940 861 2030 solum,
896 1938 1019 2014 sed
1066 1939 1250 2013 lucri
1289 1964 1575 2038 quoque
1613 1963 1852 2027 causa,
1889 1944 2346 2035 componant.

411 2056 713 2129 Maxime
747 2079 913 2128 vero
958 2054 1304 2186 probavit,
1360 2061 1703 2154 perpetua
1741 2056 1970 2129 atiena
2005 2055 2331 2129 imitandi
2371 2076 2548 2129 con—

314 2170 722 2261 suetudine,
759 2170 927 2245 vitia
952 2172 1270 2268 imprimi
1303 2179 1425 2245 aut
1452 2172 1680 2245 allini.
1715 2169 1969 2257 Quod
1944 2193 2210 2267 Jam,1n
2243 2170 2552 2244 novitate

313 2290 419 2361 rei
462 2289 784 2376 scenicae,
830 2294 1193 2361 notaverat
1232 2288 1423 2378 Solo,
1459 2288 1565 2361 vir
1602 2286 1796 2359 mitis
1833 2286 2151 2426 alioquin
2188 2286 2550 2382 sapientiae

316 2428 549 2502 neque
578 2428 619 2478 a
650 2404 1127 2502 voluptatibus
1166 2404 1638 2479 abh01rent1s

414 2525 614 2595 Hanc
637 2520 1213 2617 disputationem,
1242 2544 1457 2619 quam
1483 2520 1571 2594 de
1601 2522 1905 2619 integr-0,
1938 2518 2300 2596 acerrimis
2324 2519 2550 2593 utrin-

317 2661 456 2736 que
504 2637 779 2726 studiiS,
838 2639 1267 2713 recentiores
1328 2645 1744 2727 moverunt,
1803 2639 2146 2734 attingere
2199 2637 2336 2711 hoc
2392 2634 2550 2711 loco

314 2780 463 2832 non
508 2755 707 2831 libet.
746 2761 1174 2855 Quanquam
1212 2758 1405 2832 enim
1448 2757 1671 2830 multa
1720 2762 1791 2832 et
1829 2755 2185 2830 subtiliter
2221 2761 2292 2830 et
2329 2755 2553 2829 vehe-

318 2880 593 2949 menter
618 2879 773 2948 acta
802 2879 993 2963 sunt,
1030 2873 1368 2971 pleraque
1401 2881 1639 2948 tamen
1678 2872 1766 2947 ab
1806 2874 1958 2969 ipso
1991 2871 2288 2947 artificio
2324 2872 2554 2948 aliena

316 2992 740 3081 afferuntur,
786 2990 1046 3086 quibus
1101 3013 1211 3064 res
1262 2992 1415 3089 ipsa
1465 2990 1796 3088 impediri
1849 2997 1916 3065 et
1964 2988 2326 3065 obscurari
2375 2988 2553 3063 mihi

319 3107 617 3182 videtur.
675 3111 757 3180 In
810 3107 1107 3180 scenicis
1145 3114 1383 3181 autem
1426 3108 1675 3204 graecis
1714 3108 1938 3204 magis
1977 3105 2173 3180 nuda
2209 3105 2551 3203 perspici-

319 3231 455 3313 tur,
500 3231 570 3296 et
598 3223 885 3320 planius
914 3230 1209 3320 apparet
1237 3225 1651 3320 pravitatem
1686 3224 2115 3321 plerumque
2145 3245 2230 3296 ex
2254 3223 2409 3319 ipso
2442 3245 2556 3294 ar-

320 3340 538 3413 tificio
569 3340 981 3412 necessitate
1008 3341 1318 3436 quadam
1350 3339 1547 3414 oriri.
1580 3344 1827 3437 Neque
1855 3341 2074 3430 enim,
2106 3337 2551 3436 praejudicio,

320 3456 687 3552 religionis
730 3479 966 3544 causa,
1011 3458 1362 3530 sententia
1400 3455 1488 3530 de
1516 3457 1763 3554 graecis
1800 3455 2190 3529 artificibus
2220 3455 2388 3530 ferri
2424 3477 2553 3551 po-

322 3573 481 3662 tuit,
516 3596 695 3669 quos
724 3578 975 3647 contra
1004 3595 1237 3646 sacros
1279 3574 1607 3647 homines
1651 3596 1802 3647 esse
1840 3579 1909 3646 et
1935 3573 2056 3669 pio
2086 3570 2384 3646 deorum
2415 3571 2554 3643 mi·

322 3691 612 3765 nisterio
659 3689 854 3787 fungi
915 3692 1183 3764 Graecia
1238 3691 1568 3765 universa
1619 3691 2064 3765 existimavit.
2118 3693 2263 3764 Nec
2313 3713 2556 3762 rursus

326 3813 569 3881 notam
616 3805 807 3879 illam
860 3808 1384 3881 excusationem
1423 3806 1673 3880 afferre
1715 3807 1944 3896 licuit,
1987 3806 2250 3880 scilicet
2287 3811 2552 3880 cetero-

208 3969 213 3974 ·
328 3948 487 3998 rum
539 3930 950 4020 contemptu
1006 3924 1323 3998 scenicos
1365 3925 1441 3996 in
1483 3924 1740 3998 suimet
1784 3929 2269 4021 contemptum
2308 3924 2558 4020 praeci-

324 4040 504 4135 pites
543 4041 676 4137 agi,
722 4063 948 4136 quum
997 4041 1067 4113 id
1107 4040 1489 4114 artificium
1548 4040 1732 4112 nulli
1781 4039 1969 4137 apud
2009 4044 2287 4114 Graecos
2322 4062 2556 4135 neque

326 4156 584 4252 pudori
634 4179 867 4252 neque
920 4155 1247 4232 dedecori
1300 4179 1620 4253 unquam
1675 4156 1892 4231 fuisse
1924 4157 2332 4250 viderimuS,
2376 4156 2550 4246 imo,

410 4445 493 4531 (1)
535 4448 819 4523 Aristot.‚
852 4445 1178 4526 Problem.‚
1220 4449 1406 4528 XXX,
1445 4452 1538 4514 10.
1588 4448 1709 4524 Qui
1734 4448 1909 4512 locus
1938 4447 2283 4530 exscriptus
2322 4419 2554 4531 legitur

331 4550 391 4606 et
417 4544 585 4624 apud
614 4543 885 4608 Gellium
912 4546 1072 4624 (XX,
1104 4547 1191 4622 4).
1921 4599 1924 4602 ,
