3392 5500
1813 580 2127 639 ..66-

932 714 1237 790 Musici.
1294 714 1509 786 Primi
1557 735 1643 786 ex
1690 714 1792 787 eis
1845 714 2138 787 inscribi
2197 713 2426 789 solent
2488 714 2851 813 rhapsodi,
2901 716 3092 789 anti-

854 830 1281 925 quissimum
1310 853 1579 926 genus3
1616 828 1874 904 deinde
1908 830 2280 905 citharoedi
2331 837 2402 905 et
2447 832 2858 923 citharistae,
2913 856 3092 929 quo-

857 970 1019 1020 rum
1053 946 1130 1020 hi
1179 946 1330 1019 sine
1376 968 1569 1033 voce,
1623 944 1734 1018 illi
1783 970 1952 1021 cum
1999 954 2213 1021 cantu
2266 948 2612 1022 citharam
2673 948 3082 1045 pulsabant.

852 1063 1243 1139 Citharoedi
1283 1086 1450 1137 cum
1496 1061 1762 1137 fidibus
1794 1086 2034 1138 versus
2069 1062 2496 1161 plerumque
2524 1062 3089 1162 dithyrambicos

850 1181 1203 1256 canebant
1219 1207 1238 1269 ;
1287 1181 1631 1254 Arionem
1662 1188 1912 1255 auctor
1938 1187 2044 1253 est
2075 1181 2475 1255 Herodotus
2507 1183 2824 1278 primum
2859 1182 3091 1279 dithy-

850 1297 1181 1373 rambum
1222 1297 1704 1394 composuisse
1741 1307 1809 1370 et
1869 1297 2191 1372 Corinthi
2246 1297 2583 1372 cecinisse
2638 1297 2726 1396 (I,
2783 1298 2959 1397 23);
3015 1306 3089 1374 et

846 1415 1111 1489 multos
1159 1436 1446 1511 quoque
1490 1436 1618 1487 sua
1679 1413 2000 1486 carmina
2043 1436 2208 1487 cum
2258 1414 2528 1489 cithara
2562 1414 2866 1489 edidisse
2913 1439 3086 1513 pro·-

844 1528 1082 1605 babile
1112 1537 1241 1605 est.
1281 1529 1423 1605 Sed
1457 1529 1689 1603 aliena
1718 1551 2002 1627 quoque
2032 1530 2108 1602 in
2145 1531 2534 1605 certamine
2571 1533 2733 1606 cani
2773 1534 3086 1629 potuisse

844 1648 1012 1722 satis
1042 1648 1481 1722 demonstrat
1515 1646 1693 1743 lapis
1728 1646 1966 1736 TeiuS‚
2005 1647 2082 1719 in
2126 1669 2269 1744 quo
2310 1646 2615 1724 discreta
2644 1649 2726 1722 fit
2755 1656 2988 1745 poetae
3015 1656 3086 1723 et

741 1767 749 1775 '
845 1766 1102 1839 musici
1168 1766 1490 1867 mentio:
1529 1764 1968 1839 «Sacerdote
2015 1762 2312 1861 (scilicet
2368 1763 2752 1863 artificum)
2815 1765 3086 1838 Deme·-

844 1884 1004 1971 tri0,
1061 1881 1493 1980 agonotheta
1528 1904 1695 1954 vero
1735 1886 1805 1954 et
1841 1879 2203 1953 sacerdote
2248 1879 2392 1971 [dei
2434 1880 2778 1954 Eumenis
2789 1936 2943 1955 .....
2978 1880 3088 1954 illi

840 2001 1159 2075 vicerunt
1201 2000 1277 2070 in
1327 1998 1741 2091 certamine]
1768 1997 1994 2094 posito
2043 1997 2118 2069 in
2166 1998 2520 2071 honorem
2545 1998 2762 2072 Attali
2794 2022 2811 2071 :
2840 1999 3084 2095 Dithy·

841 2117 1134 2209 rambiS,
1164 2115 1561 2190 Nicarchu's
1585 2115 2076 2189 Hermonactis
2103 2117 2604 2212 Pergamenus,
2633 2117 3080 2214 Proserpina3

842 2233 932 2310 ad
993 2234 1340 2309 citharam
1395 2230 1694 2306 canebat
1747 2230 2150 2306 Demetrius
2158 2284 2302 2305 .....
2356 2231 2816 2306 Phocaeensis
2872 2231 3006 2331 (1).
3037 2262 3071 2301 »

842 2351 1073 2425 Licuit
1125 2350 1338 2424 etiam
1397 2373 1643 2422 versus
1698 2348 1976 2446 antiqui
2024 2354 2250 2444 poetae
2295 2348 2640 2446 repetere.
2701 2351 2922 2447 Cujus
2978 2350 3086 2423 rei

844 2472 1009 2544 satis
1076 2467 1321 2541 nobile
1392 2464 1800 2562 exemplum
1866 2462 2315 2539 tradiderunt
2377 2468 2779 2563 scriptores.
2842 2470 3081 2553 Quum
3161 2527 3166 2531 .

842 2585 1376 2682 Philopoemen,
1438 2583 1671 2657 occiso
1726 2581 2148 2655 Machanida
2174 2640 2190 2672 ‚
2257 2584 2686 2658 Nemeorum
2739 2582 3084 2657 ludorum

842 2710 1163 2800 tempore
1202 2700 1489 2788 rediret,
1527 2700 1886 2774 theatrum
1920 2698 2278 2796 ingressus
2321 2707 2424 2773 est
2463 2707 2618 2774 tum
2658 2724 2882 2798 quum
2912 2724 3084 2776 cer-

792 2831 797 2836 “
842 2827 1085 2896 tamen
1114 2817 1485 2892 citharoedi
1529 2815 1995 2913 incipiebant.
2033 2819 2355 2891 Fortasse
2393 2816 2693 2914 Pylades
2732 2819 3081 2894 citharoe-

846 2939 981 3013 dus
1016 2935 1371 3010 Timothei
1410 2934 1659 3008 Persas
1690 2955 1953 3008 canens
1985 2933 2344 3007 inchoavit
2376 2958 2394 3007 ι

1166 3096 1286 3171 Qui
1325 3094 1635 3158 libertatis
1662 3093 1854 3154 decus
1881 3092 2071 3154 affers
2097 3092 2310 3154 nobile
2351 3093 2576 3154 Graiis·

945 3272 1173 3354 Quem
1200 3288 1479 3341 versum
1506 3262 1807 3359 arripuit
1836 3267 2025 3335 totus
2051 3285 2452 3349 consessuS,
2477 3262 2569 3335 ad
2603 3261 3083 3361 Philopoeme-

850 3409 1043 3473 nem,
1092 3383 1405 3481 repetitis
1437 3378 1827 3479 plausibuS,
1883 3402 2260 3452 conversus
2291 3377 2424 3476 (2).
2471 3381 2573 3462 Ex
2623 3378 2761 3470 his,
2807 3389 3081 3456 constat

849 3500 1223 3577 citharoedi
1253 3498 1466 3572 fuisse
1497 3496 1587 3570 ad
1614 3495 1961 3569 citharam
1978 3489 2247 3569 'canere
2275 3519 2442 3568 suos
2472 3496 2579 3568 vel
2609 3495 2884 3573 alienos
2913 3524 3081 3574 ver-

851 3643 995 3710 suS‚
1032 3618 1194 3692 novi
1230 3622 1353 3690 aut
1390 3613 1639 3688 veteris
1668 3621 1923 3706 poetae,
1959 3611 2383 3707 plerumque
2414 3610 2977 3708 dithyrambum.

949 3715 1225 3820 Quanto
1257 3731 1468 3804 fuerit
1499 3729 1772 3802 honore
1801 3726 1875 3801 id
1913 3751 2092 3824 opus
2117 3733 2414 3801 testatur
2451 3728 2744 3803 Cicero:
2785 3760 2819 3796 α
2856 3734 3075 3806 Sum-

851 3873 1043 3924 mam
1093 3847 1569 3923 eruditionem
1618 3844 1843 3918 Graeci
1884 3843 2090 3916 sitam
2141 3843 2527 3918 censebant
2572 3846 2648 3918 in
2695 3870 3073 3923 nervorum

849 3988 1249 4062 vocumque
1308 3960 1631 4038 cantibus
1688 3985 1706 4034 ε
1760 3960 1978 4058 igitur
2036 3967 2106 4033 et
2167 3961 2696 4057 Epaminondas
2746 3967 3071 4064 princeps

850 4107 1012 4159 meo
1038 4079 1311 4179 judicio
1346 4079 1635 4154 Graeciae
1691 4076 1954 4151 fidibus
1995 4076 2334 4174 praeclare
2389 4080 2726 4156 cecinisse
2782 4080 3062 4173 dicitur,

850 4314 960 4396 qui
1003 4312 1083 4374 sit
1122 4307 1459 4391 pythaules
1484 4307 1688 4367 bonus
1723 4303 2085 4385 judicatur3
2115 4305 2306 4367 habet
2335 4304 2564 4369 tubicen
2614 4307 2799 4390 (male
2843 4309 3061 4390 tibicen)

846 4425 1096 4490 quoque
1126 4421 1367 4484 graecus
1392 4406 1455 4463 et
1488 4418 1694 4480 praeco
1718 4418 2108 4462 concursum.
2141 4424 2169 4456 ι)
2203 4401 2502 4480 Epistola,
2532 4407 2634 4478 86,
2664 4407 2726 4466 3.

925 4501 1011 4582 (1)
1048 4502 1136 4562 Le
1162 4500 1281 4560 Bas
1305 4501 1369 4558 et
1398 4493 1850 4572 Waddington,
1875 4493 2062 4555 [πει-ν.
2095 4492 2616 4572 d’Asie-Mineure,
2648 4499 2752 4561 93.

922 4598 1004 4677 (2)
1047 4591 1365 4656 Plutarch.
1374 4638 1395 4670 ,
1419 4587 1794 4668 Philopoem„
1835 4589 1897 4650 11
1928 4609 1944 4665 ;
1977 4589 2272 4666 Pausan„
2307 4591 2466 4666 VIII,
2501 4609 2556 4670 L,
2587 4594 2644 4654 3.
2777 4589 2780 4592 ’
