3392 5500
1770 485 2085 545 ...40-

809 619 1160 714 supersint
1189 622 1425 690 autem
1462 616 1617 688 haec
1657 614 1901 688 Atticis
1930 614 2349 705 artificibuS,
2392 615 2527 687 nisi
2567 613 2740 711 quid
2782 617 3037 687 Roma-

810 735 918 807 nis
949 734 1388 807 contrarium
1428 733 1539 805 sit.
1577 760 1610 799 »

907 838 1093 923 Illud'
1144 851 1454 946 primum
1523 847 1727 922 facile
1771 854 1876 921 est
1932 850 2533 935 animadvertere,
2598 873 2671 919 111
2734 854 3041 944 utroque

806 968 1043 1060 titulo,
1077 968 1231 1042 aliis
1260 965 1515 1053 verbiS‚
1553 987 1664 1038 res
1695 965 1841 1040 fere
1864 964 2149 1040 easdem
2181 966 2425 1063 repeti,
2473 988 2603 1038 nec
2635 963 3031 1061 quidquam

808 1086 1030 1185 magis
1054 1111 1093 1159 e
1124 1087 1513 1185 posteriore
1553 1107 1771 1181 quam
1808 1109 1845 1157 e
1876 1086 2111 1181 priore
2155 1085 2417 1158 lucrari
2458 1083 2789 1157 artifices,
2833 1084 3039 1168 Quod

805 1207 863 1278 si
894 1211 1134 1277 tamen
1165 1220 1621 1298 summopere
1663 1201 1753 1274 ab
1793 1202 2417 1298 Amphictionibus
2454 1201 2758 1274 alterum
2791 1201 3043 1273 decre-

805 1330 958 1395 tum
1006 1320 1523 1417 flagitaverunt,
1583 1339 1664 1392 ea
1705 1341 1916 1392 causa
1957 1318 2119 1407 fuit,
2181 1318 2374 1415 quod
2427 1323 2697 1391 mutata
2758 1316 3041 1408 consilii

805 1439 1081 1512 ratione
1111 1491 1132 1527 ‚
1183 1435 1380 1510 veriti
1424 1442 1588 1507 sunt
1637 1458 1730 1507 ne
1776 1434 2036 1530 prioris
2075 1434 2337 1508 decreti
2389 1435 2491 1506 vis
2537 1440 2606 1506 et
2656 1435 3039 1507 auctoritas

803 1554 1136 1649 abrogata
1168 1552 1550 1625 videretur.
1589 1554 1742 1623 Hoc
1774 1551 1968 1623 enim
2005 1550 2092 1623 ab
2131 1529 2845 1624 hieromnemonihus
2884 1556 3037 1622 tum

804 1671 1145 1757 edictum,
1191 1690 1416 1763 quum
1455 1664 1808 1740 florebant
1860 1689 1976 1739 res
2018 1666 2416 1740 AEtolorum
2472 1673 2543 1741 et
2578 1667 2715 1762 ipsi
2759 1667 3039 1739 consilii

808 1785 1185 1884 participes
1251 1782 1632 1879 plerosque
1692 1806 1777 1855 ex
1830 1784 2143 1879 antiquis
2187 1783 2521 1879 gentibus
2588 1781 3034 1886 expulerant.

814 1903 1160 1976 Restituta
1216 1909 1458 1974 autem
1530 1924 1572 1973 a
1621 1901 1960 1974 Romanis
2018 1898 2403 1974 victoribus
2468 1902 2698 1996 prisca
2762 1901 3039 1977 consilii

807 2019 1060 2107 forma,
1088 2016 1488 2091 curandum
1514 2015 1651 2089 fuit
1671 2023 1750 2089 ut
1778 2017 2025 2091 eadem
2052 2039 2233 2091 novo
2250 2016 2537 2091 decreto
2560 2019 3031 2090 sancirentur.

903 2136 1050 2208 Etsi
1079 2133 1169 2208 ad
1211 2133 1564 2230 populum
1602 2132 2113 2207 Atheniensem
2169 2134 2256 2206 de·
2289 2134 2521 2207 Attico
2557 2142 2835 2208 tantum
2877 2133 3039 2208 col-

801 2251 989 2348 legio
1019 2250 1404 2323 mittuntur
1422 2249 2014 2345 Amphictionum
2036 2249 2343 2336 decreta,
2376 2256 2650 2324 certum
2678 2254 3041 2324 esttamen

802 2393 884 2444 ea
927 2390 1075 2440 non
1115 2365 1402 2462 propria
1443 2365 1846 2438 Atticorum
1900 2366 2255 2439 artificum
2283 2423 2301 2454 ‚
2365 2366 2489 2440 sed
2542 2367 3041 2441 universorum

804 2483 1218 2560 communia
1275 2481 1518 2555 fuisse.
1565 2482 1774 2570 Quod
1820 2482 2142 2579 lapidum
2186 2485 2612 2558 testimoniis
2659 2484 3041 2558 confirma-

743 2587 746 2590 *
803 2611 945 2675 tur.
987 2603 1068 2672 In
1098 2597 1310 2671 titulo
1339 2597 1576 2672 lacero
1603 2606 1673 2671 et
1700 2623 1910 2695 prave
1940 2600 2320 2697 descripto,
2352 2601 2537 2674 inter
2562 2601 2832 2673 incerta
2850 2623 3044 2695 quae-

806 2718 970 2792 dam
1011 2738 1170 2813 quae
1217 2715 1490 2789 restitui
1545 2739 1693 2791 non
1751 2725 2083 2813 possunt,
2138 2740 2519 2815 agnoscere
2577 2722 2816 2790 tamen
2878 2715 3042 2790 licet

804 2831 1394 2929 Amphictionum
1429 2832 1746 2927 epistolae
1778 2834 2117 2930 reliquias
2154 2833 2242 2909 ad
2273 2834 2742 2909 Athenienses
2779 2834 3037 2921 missae,

804 2952 880 3023 in
913 2970 1056 3046 qua
1098 2948 1364 3020 mentio
1398 2948 1480 3019 fit
1510 2947 1867 3022 artificum
1898 2975 1983 3023 ex
2024 2952 2291 3026 Isthmo
2327 2958 2397 3026 et
2424 2956 2711 3038 Nemea,
2758 2974 3039 3024 necnon

807 3065 1200 3139 securitatis
1232 3064 1400 3159 ipsis
1445 3087 1799 3139 concessae
1830 3067 1962 3163 (1).
2003 3070 2078 3138 In
2111 3068 2333 3140 altero
2364 3090 2675 3163 quoque,
2713 3092 2861 3142 non
2888 3091 3037 3139 me-

805 3184 946 3256 lius
983 3180 1254 3269 habito,
1295 3182 1662 3255 decretum
1714 3188 2037 3257 tenemus
2081 3184 2672 3280 Amphictionum
2710 3208 2855 3280 quo
2906 3166 3043 3281 pe—

805 3297 1057 3372 culiari
1093 3298 1316 3371 tutela
1336 3304 1705 3395 protegant
1734 3300 2054 3396 ejusdem
2088 3299 2367 3396 collegii
2396 3301 2701 3373 artifices
2732 3300 3032 3389 ThehaS,

805 3414 1306 3511 Dionysiorum
1346 3436 1580 3500 causa,
1623 3416 2173 3512 commigrantes
2202 3420 2335 3509 (2).
2378 3420 2547 3490 Haec
2584 3417 2880 3513 quidem
2912 3416 3038 3491 ali-

805 3555 948 3628 qua
985 3554 1068 3604 ex
1106 3537 1301 3627 parte
1329 3529 1631 3603 obscura
1661 3539 1855 3619 sunt,
1893 3531 2075 3605 illud
2112 3555 2277 3605 vero
2314 3533 2647 3606 Teiorum
2682 3535 3037 3628 apertissi-
3132 3596 3135 3599 .

804 3672 1006 3721 mum
1037 3650 1160 3744 qui
1189 3649 1584 3744 gloriantur
1633 3679 1666 3713 <c
1699 3650 1894 3745 quod
1937 3651 2250 3722 universi
2290 3651 2517 3723 Graeci
2547 3652 2891 3747 jusserint
2928 3655 3033 3725 in-

804 3764 1098 3838 violatos
1141 3771 1212 3837 et
1265 3771 1452 3839 tutos
1495 3788 1644 3838 esse
1693 3789 1946 3839 omnes
1994 3767 2298 3842 artifices
2352 3776 2422 3840 et
2469 3768 2543 3839 in
2585 3766 2774 3841 bello
2832 3777 2903 3842 et
2961 3771 3034 3841 in

805 3904 1006 3977 pace,
1050 3880 1367 3953 obsecuti
1402 3881 1708 3953 oraculis
1736 3882 2091 3979 Apollinis
2132 3884 2244 3981 (3)
2274 3912 2346 3957 ».

901 4001 1054 4070 Jam
1112 3985 1604 4070 universorum
1666 4000 2078 4073 Graecorum
2139 4023 2565 4074 consensum
2592 4058 2610 4088 ‚
2682 4008 2764 4075 ut
2830 4003 3035 4075 Teius

886 4205 968 4285 (1)
1011 4207 1095 4264 Le
1119 4206 1261 4281 Bae,
1293 4204 1562 4285 Attique,
1596 4209 1737 4283 376,
1771 4206 1817 4268 l.
1854 4210 2054 4270 11-12.

877 4298 962 4378 (2)
1009 4296 1237 4378 Corpus
1263 4297 1438 4359 inser.
1466 4317 1586 4377 qr„
1614 4303 1791 4379 1689,
1820 4302 1930 4363 ubi
1950 4303 2239 4365 Boeckhii
2259 4304 2617 4367 emendatio
2638 4321 3032 4385 nequaquam

800 4391 1162 4471 recipienda
1189 4398 1305 4453 est.

873 4486 958 4569 (3)
1015 4484 1238 4565 Corpus
1267 4486 1441 4549 inser.
1473 4507 1596 4567 qr„
1634 4491 1814 4567 3067,
1847 4490 1888 4549 l.
1925 4494 2125 4554 17-19.
