3392 5500
1793 494 2138 594 -·14--¹

838 666 1211 767 tummodo
1232 672 1502 739 actores
1522 664 1838 739 fabulam
1865 667 2114 763 egisse.
2143 666 2383 755 Quum
2409 690 2566 740 vero
2593 667 2671 739 hi
2693 666 3078 765 aliquando

840 808 987 859 non
1016 785 1396 857 videantur
1435 783 1743 858 ferendis
1779 782 2116 857 omnibus
2141 785 2462 881 personis
2499 806 2800 857 numero
2838 808 3074 881 pareS,

840 902 1026 975 illud
1055 901 1457 997 conjiciam,
1508 900 1661 973 fieri
1698 900 2007 996 potuisse
2051 908 2129 974 ut
2183 902 2307 997 qui
2354 901 2647 997 primaS,
2693 903 3071 991 secundaS,

838 1020 1078 1091 tertias
1128 1023 1359 1114 partes
1408 1017 1864 1108 sustinerent,
1915 1018 1963 1090 ii
2003 1017 2134 1092 soli
2170 1031 2494 1091 actorum
2547 1018 2842 1092 nomine
2880 1019 3078 1116 digni

840 1134 1308 1223 haberentur;
1342 1133 1589 1225 ceteri,
1625 1134 1899 1207 etiamsi
1935 1134 2010 1206 in
2049 1157 2337 1207 scenam
2369 1133 2739 1231 prodirent
2771 1143 2840 1209 et
2863 1137 3077 1211 verba

840 1251 1182 1340 facerent,
1200 1251 1395 1324 inter
1413 1273 1663 1346 operas
1681 1274 1828 1324 non
1852 1251 2040 1324 inter
2056 1258 2329 1324 actores
2354 1258 2907 1327 numerarentur
2935 1252 3069 1352 (1).

935 1370 1285 1466 Antiquas
1341 1366 1716 1463 tragoedias
1759 1367 1976 1463 repeti
2018 1373 2087 1439 et
2133 1368 2407 1441 actitari
2466 1368 2706 1441 solitas
2750 1368 2967 1442 fuisse
3005 1376 3074 1444 et

840 1485 997 1558 haec
1052 1492 1121 1559 et
1192 1483 1331 1558 alia
1401 1483 1807 1557 testimonia
1871 1484 2034 1557 satis
2100 1485 2614 1559 demonstrant.
2689 1487 3022 1559 Ceterum
3048 1544 3067 1576 ,

841 1609 1113 1701 quanto
1170 1604 1443 1677 honore
1497 1603 1712 1677 fuerit
1768 1603 2130 1700 tragoedia,
2187 1602 2374 1677 illud
2427 1601 2737 1677 declarat
2788 1606 2985 1701 quod
3035 1628 3074 1679 e

840 1728 1108 1818 septem
1150 1720 1398 1817 legatis
1442 1743 1621 1817 quos
1660 1720 1752 1793 ad
1801 1720 2390 1816 Amphictionum
2440 1720 2820 1795 consilium
2882 1722 3074 1795 misit

838 1834 1150 1910 Atticum
1198 1834 1618 1933 collegium,
1667 1837 1988 1933 quinque
2037 1837 2176 1908 sint
2226 1835 2755 1933 hypodidascali
2793 1838 3066 1933 tragici.

838 1953 1057 2027 Aliud
1109 1954 1321 2025 etiam
1360 1952 1677 2025 afferam.
1725 1952 1964 2040 Quum
2017 1953 2091 2024 in
2133 1952 2387 2025 insulis
2441 1976 2615 2026 usus
2664 1952 3072 2026 invaluisset

838 2077 917 2143 ut
947 2070 1208 2143 decreti
1242 2092 1283 2141 a
1323 2067 1587 2164 populo
1618 2069 1926 2143 honores
1954 2069 2028 2141 in
2071 2069 2422 2166 Dionysiis
2454 2069 2740 2165 publice
2781 2071 3069 2144 nuntia-

836 2193 1107 2272 rentur,
1142 2191 1211 2259 et
1250 2184 1553 2258 addatur
1580 2208 1724 2281 quo
1763 2186 1835 2257 in
1883 2189 2268 2259 certamine
2303 2186 2458 2259 fieri
2487 2184 2740 2260 debeat
2784 2209 2867 2259 ea
2909 2210 3072 2284 pro-

836 2303 1190 2390 clamatio,
1252 2302 1737 2398 comperimus
1783 2302 2088 2399 AEginae,
2157 2302 2554 2393 Salamine,
2604 2304 2806 2393 Teni,
2881 2306 3065 2395 Pari,

839 2421 1019 2517 Syri,
1053 2419 1495 2516 Astypalaeae,
1538 2421 1856 2515 Amorgi,
1893 2420 2262 2511 Carthaeae,
2315 2419 2796 2515 tragoedorum
2831 2442 3071 2494 annua

838 2538 1227 2611 certamina
1266 2537 1644 2610 commissa
1688 2536 1906 2609 fuisse
1967 2533 2097 2635 (2)
2144 2539 2462 2622 Quarum
2520 2535 2884 2609 civitatum
2925 2558 3066 2609 no-

837 2654 1032 2726 mina
1068 2652 1248 2726 forte
1283 2658 1562 2726 tantum
1593 2653 1870 2750 prodita
1909 2659 2076 2725 sunt
2096 2678 2115 2740 ;
2153 2652 2346 2725 unde
2393 2650 2761 2751 probabile
2791 2652 3071 2726 videtur

836 2776 903 2843 et
952 2771 1029 2843 in
1078 2771 1329 2843 ceteris
1380 2769 1637 2843 insulis
1681 2769 2056 2866 tragoedias
2107 2769 2382 2843 actitari
2449 2769 2731 2858 solitaS,
2795 2771 3067 2844 etiamsi

833 2885 1079 2959 nullus
1109 2885 1345 2961 adhuc
1396 2885 1577 2983 lapis
1612 2886 1963 2979 ejusmodi
2009 2886 2413 2960 certaminis
2456 2887 2901 2960 mentionem
2954 2887 3068 2961 fe-

833 3005 1030 3078 cerit.

930 3125 1013 3196 In
1042 3119 1532 3195 comoedorum
1562 3119 2072 3194 certaminibus
2103 3119 2378 3194 fabulas
2408 3119 2801 3212 Menandri,
2829 3121 3069 3196 Phile-

831 3240 1064 3313 monis
1104 3243 1174 3312 et
1216 3245 1618 3311 ceterorum
1660 3235 1924 3334 quibus
1959 3236 2274 3311 effloruit
2311 3238 2622 3312 Atticum
2674 3238 3062 3326 theatrum,

832 3356 1218 3452 saepissime
1248 3355 1577 3451 repetitas
1611 3377 1763 3427 esse
1803 3354 2100 3427 minime
2131 3351 2435 3427 dubium
2491 3338 2620 3428 est.
2687 3358 2788 3428 De
2837 3351 3070 3452 prisca

828 3471 1183 3547 comoedia
1227 3471 1540 3567 aliquam
1595 3470 2074 3566 suspicionem
2114 3479 2488 3544 moverunt
2538 3470 2904 3567 Delphicae
2951 3479 3070 3546 ta·-

829 3589 1046 3663 bulae.
1082 3592 1353 3684 Nempe
1383 3588 1648 3661 chorus
1679 3587 1998 3660 comicus
2031 3608 2070 3658 e
2096 3593 2366 3683 septem
2399 3586 2852 3661 saltatoribus
2881 3611 3070 3662 sem-

829 3731 959 3805 per
1005 3705 1435 3802 compositus
1478 3705 1552 3776 in
1606 3710 1916 3801 quatuor
1967 3701 2302 3799 catalogis
2346 3703 2789 3777 inscribitur.
2836 3705 3066 3794 Quem

830 3823 1066 3897 forsan
1098 3821 1445 3895 comicam
1478 3819 1960 3908 saltationem,
2015 3825 2094 3892 ut
2143 3819 2513 3894 cordacem
2561 3828 2682 3895 aut
2722 3821 3061 3910 sicinnin,

907 4081 993 4162 (1)
1037 4079 1223 4160 Apud
1272 4078 1514 4159 priores
1560 4076 1996 4158 παραχορήγημα
2051 4078 2378 4138 dicebatur
2399 4124 2416 4155 ,
2469 4078 2521 4138 si
2565 4077 2707 4158 quis
2754 4077 3064 4156 choragus

823 4181 1055 4258 praeter
1094 4175 1309 4235 solitos
1335 4179 1462 4234 tres
1489 4178 1733 4234 actores
1756 4177 1868 4232 aut
1896 4177 2125 4252 praeter
2165 4173 2576 4234 constitutum
2616 4172 3064 4233 choreutarum

822 4286 1164 4331 numerum
1182 4313 1199 4342 ,
1250 4268 1405 4329 alios
1448 4273 1625 4329 extra
1668 4266 1956 4327 ordinem
1996 4266 2306 4344 praeberet
2355 4272 2542 4346 atque
2590 4272 2847 4328 ornaret
2886 4265 3060 4346 (vide

821 4363 1217 4426 Thesaurum
1241 4381 1541 4442 graecum,
1569 4362 1636 4421 in
1656 4359 1903 4442 verbo).

904 4459 987 4542 (2)
1031 4460 1115 4519 Le
1144 4460 1284 4530 Bas,
1327 4462 1393 4518 4·
1426 4456 1642 4537 partie,
1676 4458 1856 4526 1688,
1893 4457 2071 4532 1638,
2106 4457 2282 4532 1858,
2316 4456 2496 4530 3097,
2528 4459 2706 4517 1885.
2729 4488 2810 4502 -
2836 4453 3058 4534 Corpus

822 4554 999 4617 inser.
1025 4571 1147 4632 qr„
1170 4554 1352 4628 2484,
1386 4553 1542 4613 2263
1570 4569 1623 4625 e,
1656 4552 1836 4611 2354.
