3392 5500
1247 489 1564 548 -11-

385 619 594 710 Quod
644 620 701 694 si
760 619 1272 708 Demosthenes
1321 619 1651 717 pluribus
1693 616 1870 692 locis
1904 617 2262 692 AEschinis
2305 620 2528 696 artifi-

284 738 480 813 cium
523 759 690 810 cum
721 737 932 810 irrisu
959 742 1030 810 et
1058 735 1606 832 exprobratione
1634 735 2250 828 commemoravit,
2282 759 2427 808 non
2459 739 2525 811 ei

284 877 610 951 unquam
631 851 890 951 probro
907 854 1108 926 vertit
1133 854 1327 951 quod
1347 852 1622 928 fabulas
1643 853 1922 950 egisset,
1946 851 2067 925 sed
2093 852 2286 949 quod
2312 852 2519 928 male.

281 975 494 1048 Hunc
539 971 852 1044 dicteriis
889 976 1309 1067 persecutus
1352 977 1490 1061 est,
1544 971 1913 1044 tertiarum
1951 967 2264 1066 partium
2306 970 2525 1067 pessi-

279 1111 483 1162 mum
525 1092 864 1174 actorem,
911 1089 1258 1163 rusticum
1292 1090 1746 1161 OEnomaum
1787 1083 1893 1183 (in
1941 1108 2085 1181 quo
2126 1084 2397 1182 agendo
2445 1084 2521 1159 in

279 1227 461 1302 pago
499 1202 813 1302 quodam
843 1201 1250 1304 ceciderat),
1285 1203 1511 1277 sibilis
1549 1202 1949 1299 explosum,
1984 1224 2152 1275 cum
2181 1208 2525 1298 spectato-

278 1319 482 1395 ribus
515 1318 946 1416 inexpiabile
976 1319 1249 1394 bellum
1277 1327 1676 1418 gerentem3
1732 1342 1895 1417 quae
1934 1324 2171 1392 tamen
2205 1318 2521 1393 convicia

280 1458 428 1509 non
465 1435 846 1510 artificium
889 1436 1150 1532 ipsum,
1196 1435 1321 1511 sed
1367 1435 1714 1510 artificem
1760 1432 2117 1509 insulsum
2161 1430 2463 1506 laedunt.

378 1556 528 1629 Nec
558 1553 781 1650 magis
818 1554 1159 1646 scenicOS,
1199 1552 1395 1651 quod
1426 1554 1560 1628 deo
1589 1552 1772 1626 sacri
1807 1550 2032 1625 habiti
2062 1558 2252 1641 sunt,
2286 1550 2521 1623 hiero-

279 1669 478 1744 dulos
541 1669 756 1744 fuisse
821 1670 1230 1745 credideris.
1305 1670 1449 1745 Hos
1518 1669 1712 1745 enim
1736 1726 1755 1757 ,
1821 1689 2237 1766 quanquam
2306 1667 2519 1764 longe

281 1785 566 1878 meliori
601 1794 788 1862 sorte
812 1786 1256 1877 fruebantur,
1292 1786 1526 1860 servili
1557 1793 1795 1860 tamen
1832 1793 1900 1860 et
1939 1785 2212 1883 origine
2238 1792 2309 1859 et
2335 1807 2521 1858 con-

279 1903 559 1984 ditione
604 1887 820 1977 fuisse
855 1909 1158 1995 constat,
1202 1907 1274 1978 et
1300 1900 1799 1976 tantummodo
1837 1925 1923 1976 ex
1963 1901 2343 1976 hominum
2374 1923 2520 1976 ser—

281 2018 503 2094 vitute
541 2015 628 2092 ad
675 2016 791 2092 dei
836 2019 1199 2093 servitium
1247 2018 1612 2116 migrasse.
1651 2017 1969 2092 Artifices
2004 2024 2274 2105 contra,
2301 2015 2519 2092 colle-

277 2134 564 2230 giorum
616 2135 1022 2231 participeS,
1079 2135 1374 2232 ingenui
1439 2134 1622 2210 cives
1679 2142 1915 2226 erant,
1974 2140 2218 2231 utpote
2268 2133 2392 2229 qui
2448 2137 2521 2207 et

280 2256 661 2349 paternum
727 2275 992 2326 nomen
1048 2259 1120 2325 et
1178 2253 1532 2327 civitatem
1600 2277 1801 2326 suam
1871 2251 2297 2349 proferrent.
2370 2253 2517 2324 Nec

279 2367 543 2440 desunt
589 2366 1204 2465 disertalapidum
1258 2369 1668 2443 testimonia
1723 2393 1884 2466 quae
1930 2369 2281 2468 inspicere
2322 2365 2517 2442 haud

282 2482 540 2557 inutile
579 2483 907 2558 arbitror.
957 2487 1037 2558 In
1081 2485 1415 2582 catalogis
1461 2487 1656 2561 enim
1700 2487 2140 2562 musicorum
2186 2483 2516 2561 certami-

280 2623 459 2673 num
491 2589 742 2673 'nullus
782 2601 1001 2675 victor
1027 2603 1339 2677 occurrit
1369 2604 1576 2700 cujus
1604 2627 1753 2677 non
1790 2609 1859 2677 et
1901 2604 2143 2678 civitas
2175 2608 2248 2676 et
2271 2606 2515 2699 pater-

277 2739 466 2792 num,
498 2739 762 2803 nomen
800 2717 1126 2794 addatur.
1176 2721 1256 2792 In
1303 2720 1388 2794 iis
1426 2743 1590 2795 vero
1629 2721 1855 2795 titulis
1894 2721 2018 2819 qui
2058 2720 2343 2819 proprie
2371 2717 2515 2793 col-

275 2833 630 2931 legiorum
677 2842 867 2923 sunt,
922 2838 979 2909 si
1028 2836 1316 2933 quando
1362 2860 1445 2911 ea
1484 2839 1751 2913 mentio
1788 2839 2049 2912 omissa
2099 2837 2258 2925 fuit,
2307 2835 2513 2911 facile

278 2974 390 3025 res
420 2952 735 3048 expediri
774 2960 1028 3048 potest.
1059 2957 1332 3050 Nempe
1373 2955 1458 3045 si,
1490 2955 1563 3027 in
1595 2954 1897 3029 decretis
1928 2952 2514 3051 Amphictionum

281 3066 373 3141 de
412 3069 815 3142 Atticorum
845 3071 1292 3143 scenicorum
1327 3070 1657 3169 collegio,
1692 3072 1921 3170 patria
1948 3070 2340 3169 legatorum
2366 3094 2513 3145 non

280 3185 719 3282 designatur,
773 3187 937 3259 satis
993 3194 1281 3285 apparet
1336 3211 1459 3261 eos
1522 3190 1993 3264 Athenienses
2058 3188 2302 3263 fuisse.
2368 3193 2513 3263 Nec

282 3301 509 3397 magis
565 3301 832 3375 mirum
897 3302 1089 3399 quod
1166 3305 1516 3393 IasenseS,
1593 3305 1668 3377 in
1742 3304 2193 3380 recensendis
2223 3306 2332 3379 -iis
2387 3307 2513 3403 qui

275 3418 687 3514 sumptibus
725 3420 869 3492 suis
913 3420 1332 3516 spectandos
1376 3421 1487 3495 vel
1539 3421 1931 3497 audiendos
1973 3423 2278 3498 artifices
2318 3446 2509 3521 prae—

276 3534 607 3627 buerant,
646 3536 1074 3633 plerumque
1107 3538 1182 3611 in
1220 3539 1574 3636 peregrini
1601 3541 1882 3636 generis
1906 3540 2203 3614 scenicis
2230 3542 2509 3637 paterni

277 3651 593 3725 nominis
631 3654 1071 3726 mentionem
1102 3654 1596 3751 neglexerunt.
1632 3659 1735 3730 Ex
1764 3679 1910 3753 quo
1934 3655 2393 3733 temerarium
2424 3659 2513 3731 sit

275 3767 632 3865 conjicere
689 3792 808 3843 eos
862 3769 1273 3846 conditione
1324 3771 1537 3846 fuisse
1592 3796 1739 3848 non
1789 3774 2124 3873 ingenua.
2187 3776 2511 3873 Exempli
2605 3797 2609 3802 ·

275 3907 514 3977 causa,
559 3886 636 3958 in
679 3909 826 3960 uno
866 3887 1073 3962 titulo
1115 3888 1530 3963 inscribitur
1568 3890 2070 3966 Athenodorus
2109 3895 2505 3982 comoeduS,

273 4003 426 4076 sine
463 4004 684 4100 patris
717 4005 1011 4078 nomine
1031 4031 1050 4093 ;
1099 4007 1177 4080 in
1211 4006 1463 4099 altero,
1512 4005 1708 4081 idem
1746 4006 1947 4082 audit
1991 4010 2384 4084 Heraclidae
2423 4011 2507 4085 fi-

274 4118 412 4191 lius
442 4116 575 4216 (1).
620 4118 944 4216 Longum
1004 4123 1090 4195 sit
1139 4145 1260 4196 eos
1313 4146 1683 4197 recensere
1730 4147 2043 4221 quorum
2098 4126 2363 4217 civitam,
2436 4135 2506 4201 et

276 4243 652 4331 paternum
688 4260 979 4326 nomen,
1013 4238 1400 4336 aliquando
1434 4242 1648 4315 etiam
1686 4242 1955 4316 avitum
1992 4265 2508 4318 commemora-

351 4491 436 4574 (1)
478 4495 568 4555 Le
598 4493 720 4555 Bas
747 4500 811 4555 et
837 4493 1286 4577 Waddington,
1317 4496 1506 4561 Inscr.
1535 4497 2046 4581 desz'e-Mineure,
2076 4503 2197 4565 255
2225 4507 2289 4563 et
2318 4504 2459 4565 257.
