3392 5500
1240 578 1555 640 ...97-

282 706 691 781 incredibili
712 732 731 795 ;
776 706 1040 803 perfeci
1071 729 1261 798 vero,
1294 715 1371 782 ut
1398 706 1945 797 declaraveram,
1986 707 2372 798 Bacchum,
2409 732 2515 783 ar-

283 820 546 895 chonte
591 820 879 895 Aurelio
929 821 1355 895 Anchareno
1400 820 2119 918 Phaedro‚·Ephesio,
2157 822 2508 915 comoedo,

283 937 767 1033 periodonica,
797 936 1335 1034 Capitolionica,
1370 936 1809 1026 incredibili3
1836 936 2091 1029 scriba,
2121 942 2517 1037 Menecrate

282 1055 562 1151 Assyrio
574 1109 783 1128 .......
828 1052 1182 1143 comoedo,
1236 1054 1719 1151 periodonica,
1769 1054 2172 1129 incredibili
2188 1082 2208 1145 ;
2254 1079 2519 1131 nomo-

286 1169 504 1261 dicta,
535 1171 613 1243 T.
642 1170 941 1245 Claudio
974 1168 1400 1264 Alexandro,
1433 1170 1844 1246 Laodicensi
1881 1169 2196 1269 tragoedo
2222 1178 2290 1247 et
2313 1178 2521 1270 poeta

286 1284 695 1361 incredibili
723 1285 853 1385 (1).
893 1315 925 1354 »
2497 1320 2502 1325 ·

383 1402 621 1495 Vides,
658 1408 736 1476 ut
775 1402 997 1499 priori
1038 1409 1273 1493 aetate,
1318 1403 1423 1477 sic
1457 1409 1527 1478 et
1558 1404 1671 1477 his
1709 1402 2179 1501 temporibUS,
2215 1403 2518 1501 collegio

285 1516 675 1616 adscriptos
732 1519 946 1593 fuisse
998 1527 1277 1616 poetas,
1336 1521 1645 1594 musicos
1699 1526 1765 1594 et
1821 1527 2120 1595 actores·
2172 1523 2516 1595 Annuum

288 1632 585 1733 quoque
616 1636 873 1709 Bacchi
921 1637 1394 1711 sacerdotium
1442 1638 1913 1734 permansisse
1956 1636 2148 1711 idem
2195 1636 2399 1712 docet
2435 1638 2524 1720 ti-

284 1752 507 1843 tuluS,
544 1759 611 1827 et
641 1751 749 1827 bis
769 1753 1005 1827 eidem
1038 1753 1292 1828 deferri
1328 1754 1668 1850 potuisse.
1689 1751 1856 1843 Sed,
1891 1775 2116 1851 quum
2146 1753 2521 1827 ambitioni

165 1885 173 1891 ·
285 1868 667 1943 hominum
688 1871 838 1967 jam
870 1893 1016 1944 non
1060 1870 1469 1945 sufficerent
1498 1872 1714 1967 prisci
1744 1871 2080 1964 honoreS,
2123 1871 2524 1946 institutum

284 1991 391 2059 est
428 1983 749 2084 ejusdem
798 1985 1059 2060 Bacchi
1100 2009 1468 2059 summum
1516 1986 1990 2061 sacerdotium
2029 1994 2098 2059 et
2136 1985 2318 2059 illud
2353 2010 2526 2083 per-

284 2108 588 2199 petuum
614 2108 683 2177 et
714 2124 883 2177 cum
910 2124 994 2177 eo
1026 2103 1493 2201 conjunctum
1532 2104 1984 2200 imperatoris
2021 2126 2385 2176 summum
2423 2128 2530 2175 sa-

287 2222 717 2297 cerdotium.
744 2222 919 2296 ·Α1ἰα
957 2221 1171 2298 etiam
1208 2223 1401 2319 apud
1438 2222 1616 2297 alios
1657 2221 2048 2298 sacerdotia
2084 2222 2322 2298 addita
2363 2224 2529 2298 fue-

285 2344 491 2424 runt,
548 2338 689 2411 sive
767 2343 844 2411 ut
913 2337 1157 2435 plures
1215 2337 1677 2435 dignitatibus
1737 2337 2177 2427 fruerentur,
2251 2338 2390 2411 sive
2446 2344 2528 2411 ut

286 2454 757 2530 adularentur
794 2454 1141 2551 principis
1177 2453 1565 2528 amoribus,
1596 2455 1713 2528 Sic
1751 2455 1824 2526 in
1858 2452 2237 2528 ruderibus
2269 2454 2523 2528 theatri

288 2568 714 2665 Dionysiam,
735 2570 1063 2659 Athenis,
1096 2577 1357 2666 praeter
1376 2569 1599 2644 sedile
1622 2570 2007 2645 sacerdotis
2029 2570 2287 2643 Bacchi
2316 2569 2525 2644 Eleu-

285 2684 673 2778 therensis,
734 2686 878 2762 duo
936 2685 1076 2760 alia
1147 2686 1485 2784 descripsi
1527 2709 1839 2784 quorum
1906 2686 2031 2760 uni
2094 2686 2519 2783 inscriptum

280 2806 381 2874 est
418 2825 435 2874 z
470 2802 867 2877 Sacerdotis
901 2802 1159 2876 Bacchi
1199 2802 1628 2900 Melpomeni
1662 2827 1748 2876 ex
1788 2802 2216 2891 artificibus;
2253 2801 2455 2876 alteri
2495 2827 2511 2877 :

282 2917 677 2993 Sacerdotis
710 2921 996 2993 Antinoi
1037 2919 1400 2993 Saltatoris
1437 2944 1520 2994 ex
1555 2919 1974 2994 artificibus,

376 3035 534 3110 Jam
574 3036 730 3110 haec
762 3037 1113 3112 institutio
1144 3037 1408 3110 summi
1434 3036 1811 3111 sacerdotii
1836 3035 2167 3132 perpetui
2202 3035 2518 3132 priscum

286 3151 746 3250 collegiorum
773 3160 1058 3244 statum,
1093 3154 1217 3251 qui
1256 3177 1341 3227 ex
1376 3154 1575 3226 omni
1614 3159 1815 3249 parte
1851 3151 2219 3250 popularis
2256 3150 2512 3237 fuerat,

288 3269 771 3344 commutavit.
833 3270 1055 3367 Majus
1100 3291 1266 3344 vero
1320 3269 1661 3344 libertatis
1724 3268 2235 3343 detrimentum
2283 3268 2518 3342 attulit

291 3409 553 3460 novum
608 3407 871 3461 munus
910 3385 1205 3482 logistae.
1252 3388 1405 3460 Hoc
1460 3372 1785 3459 annuum
1840 3385 2053 3458 fuerit
2106 3407 2331 3458 necne
2369 3408 2516 3458 non

290 3501 539 3597 liquet.
575 3502 656 3577 ld
685 3509 924 3576 autem
958 3507 1233 3576 constat
1256 3524 1421 3576 eum
1462 3503 1952 3600 magistratum
1989 3523 2135 3574 non
2159 3523 2198 3574 e
2223 3523 2516 3600 corpore

290 3617 735 3720 scenicorum
787 3617 1003 3691 fuisse
1019 3643 1038 3706 3
1082 3640 1272 3690 unus
1320 3617 1513 3692 enim
1576 3617 1710 3689 fuit
1758 3615 2084 3690 sacerdos
2131 3616 2514 3712 provinciae

286 3730 470 3808 Asiae
502 3733 647 3833 (2);
699 3734 877 3809 alter
924 3742 1341 3833 procurator
1385 3733 1834 3832 imperatoris
1893 3738 1963 3807 et
2011 3733 2334 3829 praetoris
2384 3755 2516 3830 pa-

287 3857 397 3923 ter
434 3848 561 3949 (3).
622 3855 822 3926 Hanc
870 3853 1083 3949 igitur
1138 3851 1551 3949 dignitatem
1602 3873 1643 3924 a
1692 3850 1861 3923 viris
1911 3871 2193 3924 summo
2243 3849 2518 3924 honore

286 3973 407 4040 aut
430 3990 685 4065 magna
705 3969 1025 4065 potentia
1042 3967 1361 4066 praeditis
1384 3968 1695 4043 exerceri
1717 3967 1996 4041 solitam
2018 3988 2168 4040 esse
2193 3989 2516 4064 comper·

289 4200 733 4283 Pergamenus,
767 4199 1157 4264 citharoedus
1181 4198 1525 4274 hieronica,
1552 4198 1832 4262 musicus
1861 4196 2264 4262 clarissimus.
2295 4196 2519 4278 empus

292 4294 463 4359 inser.
496 4316 620 4377 qr„
654 4299 827 4360 3208.

362 4389 443 4469 (1)
491 4388 717 4472 Corpus
742 4390 913 4451 inser.
939 4408 1062 4471 qr„
1092 4389 1271 4453 6829.

372 4483 453 4563 (2)
500 4483 727 4565 Corpus
753 4484 932 4548 inser.
961 4504 1081 4566 qr„
1115 4485 1295 4546 2741.

368 4575 451 4658 (3)
490 4579 577 4642 Le
608 4579 728 4642 Bas
756 4584 820 4642 et
844 4577 1293 4659 Waddington,
1321 4574 1507 4639 Insa-r.
1542 4575 2056 4653 d’Asie·Minew-e,
2090 4578 2248 4640 1620
2267 4595 2316 4641 c.

2201 4675 2238 4731 7
