3392 5500
1288 570 1606 629 -83-

327 695 483 791 ejus
521 694 771 768 fefellit
801 717 1025 792 quum
1054 696 1449 793 legatorum
1480 721 1706 791 mora,
1749 706 1902 771 tum
1935 699 2154 795 ipsius
2182 702 2366 797 regis
2395 701 2558 775 dili-

326 812 589 909 gentia,
624 836 767 908 qua
798 812 996 908 prius
1038 812 1439 889 Phocenses
1478 816 1842 912 perierunt
1883 837 2099 912 quam
2139 817 2225 890 de
2261 816 2553 893 illorum

328 928 648 1026 periculo
687 930 1131 1005 manifestior
1166 930 1345 1005 fides
1382 934 1766 1008 exsisteret.
2275 928 2280 935 ’

429 1049 633 1121 Certe
661 1048 1151 1123 Aristodemus
1186 1074 1375 1123 unus
1418 1051 1550 1124 fuit
1584 1074 1621 1125 e
1651 1050 1898 1124 decem
1936 1050 2224 1147 publice
2258 1052 2348 1125 ad
2381 1051 2552 1127 Phi-

326 1162 609 1261 lippum
663 1165 949 1253 missis;
1017 1167 1092 1239 in
1156 1190 1295 1263 qua
1349 1167 1744 1265 legatione,
1812 1192 1978 1242 cum
2031 1169 2368 1243 AEschine
2432 1171 2558 1267 qui

325 1282 549 1379 ipsius
584 1284 1024 1378 tritagonista
1052 1282 1280 1358 fuerat
1323 1282 1454 1383 (1),
1487 1286 2118 1359 communicavisse
2155 1285 2454 1360 consilia
2490 1293 2560 1360 et

328 1400 477 1497 regi
513 1399 955 1475 consuluisse
1000 1400 1599 1476 verisimillimum
1634 1411 1762 1477 est.
1817 1404 2038 1501 Cujus
2075 1404 2283 1477 etiam
2324 1404 2560 1501 prodi-

330 1519 629 1609 tionem,
662 1518 907 1591 multis
942 1527 1096 1616 post
1133 1520 1365 1610 annis,
1400 1521 1942 1613 DemostheneS,
1973 1523 2044 1595 in
2082 1521 2398 1596 oratione
2430 1545 2559 1618 pro

328 1636 631 1720 Corona,
697 1636 1273 1708 commemoravit
1318 1660 1333 1708 :
1394 1665 1423 1703 «
1463 1638 1599 1722 Qui
1661 1637 1938 1734 primus
1983 1636 2266 1711 locutus
2323 1645 2426 1713 est
2491 1646 2561 1712 et

330 1750 771 1824 mentionem
817 1751 903 1824 de
948 1774 1122 1848 pace
1175 1750 1369 1842 fecit,
1413 1751 1902 1827 Aristodemus
1949 1761 2051 1828 est
2102 1753 2349 1827 artifex
2374 1780 2392 1841 ;
2441 1756 2565 1850 qui

329 1890 493 1941 vero
520 1868 852 1941 successit
887 1876 956 1940 et
985 1869 1250 1964 rogavit
1282 1876 1353 1942 et
1382 1892 1545 1942 cum
1577 1868 1705 1943 illo
1743 1893 1944 1943 suam
1975 1893 2263 1968 operam
2297 1873 2372 1944 in
2409 1894 2567 1945 eam

329 2008 487 2058 rem
540 1985 825 2071 locavit,
881 1984 1315 2059 Philocrates
1370 1985 1504 2058 fuit
1562 1987 1966 2083 Hagnusius
2023 1985 2222 2085 (2).»
2287 1990 2369 2059 ln
2422 1987 2567 2062 fine

280 2175 286 2181 .
334 2108 603 2200 quartae
644 2102 1089 2199 Philippicae,
1129 2101 1321 2176 idem
1355 2104 1429 2175 in
1464 2104 1850 2200 quemdam
1889 2103 2416 2179 Aristodemum
2446 2117 2570 2179 aut

332 2217 851 2292 Aristomedem
892 2213 1193 2316 (variant
1237 2221 1429 2293 enim
1472 2219 1805 2293 codicum
1843 2218 2214 2317 lectiones)
2255 2220 2570 2317 Philippi

334 2335 785 2410 defensorem
856 2334 1110 2409 acerbe
1177 2336 1579 2426 invehitur3
1640 2336 1764 2410 sed
1812 2344 2055 2411 utrum
2114 2336 2202 2411 de
2254 2339 2570 2435 tragoedo

336 2459 589 2551 agatur
618 2475 845 2526 necne
874 2452 1256 2525 incertum.

431 2570 591 2643 Jam
620 2569 1111 2643 Macedoniam
1158 2568 1368 2641 multi
1406 2570 1710 2643 artifices
1753 2576 2099 2669 tanquam
2127 2569 2422 2643 alteram
2453 2596 2572 2669 pa-

336 2689 547 2762 triam
603 2685 1040 2778 incolebant,
1095 2686 1435 2762 ludorum
1484 2689 2011 2786 magnificentia
2063 2695 2133 2763 et
2189 2713 2572 2765 munerum

338 2805 811 2905 amplitudine
868 2805 1125 2892 allecti,
1180 2812 1565 2902 patronum
1612 2807 1801 2880 nacti
1860 2807 2284 2881 munificum
2331 2816 2400 2882 et
2447 2833 2578 2884 co-

340 2947 559 3013 mem,
595 2925 914 3019 ipsorum
965 2921 1175 2995 fastui
1224 2928 1289 2995 et
1336 2921 1643 2996 avaritiae
1694 2924 1998 2998 maxime
2037 2929 2524 3021 opportunum
2550 2951 2568 3012 ;

337 3039 543 3112 illum
584 3039 843 3111 Graecis
870 3037 1141 3113 bellum
1177 3039 1604 3114 inferentem
1635 3041 1970 3137 prosequi
2004 3071 2022 3131 ;
2052 3040 2248 3114 illius
2287 3062 2572 3135 compo·

336 3155 725 3229 tationibus
800 3161 868 3228 et
935 3155 1556 3228 comissationibus
1621 3156 1807 3230 soliti
1865 3157 2108 3231 adesse
2167 3155 2307 3256 (3),
2361 3163 2576 3252 atque

337 3273 550 3345 etiam
579 3271 801 3368 ipsius
833 3270 1123 3344 familiae
1147 3271 1403 3368 jurgiis
1432 3279 1499 3345 et
1530 3273 2093 3347 dissensionibus
2122 3273 2402 3347 misceri
2437 3270 2569 3370 (4).

436 3388 836 3464 Alexander
872 3395 1256 3486 paternum
1296 3388 1613 3463 studium
1646 3413 1810 3488 erga
1837 3393 2151 3466 scenicos
2181 3415 2330 3465 non
2357 3388 2573 3462 modo

338 3507 653 3580 imitatus
692 3514 821 3596 est,
860 3507 981 3581 sed
1018 3508 1096 3579 in
1134 3503 1339 3580 bellis
1370 3529 1659 3605 quoque
1700 3515 1770 3580 et
1807 3507 1882 3580 in
1924 3508 2076 3604 ipso
2115 3508 2571 3582 victoriarum

337 3647 553 3697 cursu
583 3623 917 3712 retinuit3
954 3623 1241 3720 maioris
1274 3623 1486 3696 etiam
1525 3623 1972 3697 liberalitatis
2003 3624 2332 3720 exempla
2362 3623 2573 3695 exhi-

338 3739 517 3828 buit,
564 3741 710 3837 ipse
748 3747 816 3814 et
854 3741 1112 3814 artium
1150 3760 1541 3837 graecarum
1582 3741 2111 3815 amantissimus
2141 3747 2211 3814 et
2240 3765 2280 3814 a
2322 3739 2573 3837 primis

339 3859 547 3932 annis
577 3857 931 3931 artificum
968 3857 1392 3931 commercio
1423 3865 1767 3946 assuetuS,
1796 3882 2106 3955 quorum
2138 3881 2397 3949 unum,
2429 3863 2573 3930 tra-

419 4010 502 4093 (1)
552 4010 901 4085 Demosth.‚
942 4007 1031 4070 De
1064 4007 1215 4070 male
1246 4017 1406 4089 qesta
1439 4008 1750 4089 leqatione,
1784 4013 1924 4072 246.

424 4105 507 4186 (2)
549 4105 888 4178 Demosth.‚
918 4105 1039 4164 Pro
1080 4103 1334 4180 Corona,
1365 4105 1464 4165 21.

419 4200 505 4281 (3)
548 4199 1007 4279 TheopompUS,
1042 4199 1115 4258 fr.
1145 4201 1280 4258 262.
1312 4196 1595 4258 Dimissis
1622 4196 2113 4260 Atheniensibus
2140 4195 2382 4278 legatis,
2409 4217 2439 4256 α
2459 4214 2571 4259 vo-

341 4295 469 4356 cari
495 4295 787 4354 tibicinas
816 4293 1108 4354 mulieres
1130 4292 1320 4370 jussit
1347 4297 1411 4352 et
1448 4293 1876 4354 Aristonicum
1904 4295 2326 4370 citharoedum
2359 4298 2424 4354 et
2449 4295 2573 4354 Do-

338 4390 581 4449 rionem
620 4387 943 4448 tibicinem
975 4393 1039 4446 et
1076 4391 1313 4447 ceteros
1345 4387 1456 4466 qui
1488 4406 1633 4447 cum
1668 4388 1805 4467 ipso
1839 4395 2197 4468 compotare
2229 4406 2569 4449 consueve-

340 4488 502 4546 rant.
526 4481 1053 4543 Circumducebat
1070 4480 1240 4540 enim
1264 4499 1663 4562 quocumque
1682 4483 1842 4545 tales
1863 4483 2150 4546 homines
2169 4483 2518 4562 Philippus.
2541 4505 2568 4536 1>

420 4577 504 4659 (4)
547 4575 895 4652 Plutarch„
929 4574 1254 4651 Alexand„
1289 4577 1385 4636 10.
