3392 5500
1258 537 1577 597 -73—

296 672 538 746 nensis
586 669 718 769 (1).
759 674 914 757 Quo
954 668 1280 766 exemplo
1320 670 1622 745 dubium
1652 692 1868 743 omne
1901 669 2200 743 tollitur.·
2257 675 2529 768 Nempe

292 787 487 861 idem
519 793 623 861 est
648 792 844 861 actor
862 775 1121 859 veteris
1150 785 1521 861 comoediae
1565 792 1633 859 et
1664 783 2062 875 comoedus;
2121 788 2306 860 idem
2338 797 2532 863 actor

293 905 547 977 veteris
572 904 928 999 tragoedias
960 910 1027 977 et
1053 904 1434 999 tragoedus,
1472 903 1656 1005 Hinc
1675 926 1960 1000 quoque
1992 910 2281 1000 apparet
2319 928 2532 978 novas

219 1106 223 1110 .
294 1019 641 1116 appellari
678 1017 955 1092 fabulas
996 1042 1157 1115 quae
1187 1042 1558 1115 nunquam
1587 1074 1604 1105 ,
1635 1027 1933 1110 vetereS,
1974 1043 2134 1116 quae
2155 1019 2304 1116 jam
2335 1023 2532 1116 prius

298 1145 476 1235 actae
516 1136 656 1209 sint
675 1162 693 1222 ;
732 1158 863 1209 nec
895 1136 1134 1208 minus
1164 1137 1622 1232 perspicuum
1652 1136 2002 1231 tragoedos
2031 1136 2532 1235 comoedosque

202 1244 207 1248 ¹
282 1260 649 1340 actorum,
684 1276 829 1325 non
859 1259 1227 1348 poetarum
1258 1275 1555 1325 numero
1586 1251 2090 1327 adscribendos
2121 1278 2294 1327 esse.

395 1372 495 1441 De
526 1367 1019 1443 distributione
1049 1368 1359 1463 partium
1390 1369 1578 1441 inter
1606 1376 1879 1441 actores
1901 1368 2210 1443 multum
2243 1394 2529 1469 quoque

296 1493 367 1561 et
428 1486 683 1559 acriter
728 1509 769 1558 a
820 1485 1333 1559 recentioribus
1391 1486 1830 1581 disputatum
1887 1493 2016 1574 est,
2081 1510 2305 1583 quum
2362 1489 2533 1562 hinc

298 1606 671 1701 scriptores
705 1604 993 1699 antiqui
1049 1610 1189 1677 tres
1238 1603 1535 1676 omniuo
1583 1603 1796 1677 fuisse
1838 1602 2286 1692 tradiderint,
2333 1603 2534 1678 illinc

299 1719 670 1795 nonnullae
702 1719 958 1793 fabulae
991 1744 1033 1793 a
1069 1720 1295 1794 tribus
1332 1721 1570 1817 peragi
1600 1742 1746 1792 non
1786 1720 2096 1816 potuisse
2137 1720 2530 1794 videantur.

300 1841 537 1927 Quum
582 1860 748 1909 vero
786 1844 1055 1911 actores
1092 1860 1236 1910 non
1289 1837 1589 1909 vestium
1628 1836 1842 1910 modo
1872 1837 1992 1910 sed
2027 1838 2242 1910 etiam
2286 1844 2536 1911 cantus

302 1950 568 2051 (neque
612 1951 805 2025 enim
836 1952 1113 2025 recitari
1155 1953 1276 2026 sed
1316 1952 1766 2047 aliquatenus
1805 1954 1963 2024 cani
1999 1954 2372 2049 tragoedias
2422 1977 2552 2047 so-⁸

301 2068 461 2142 litas
488 2066 702 2141 fuisse
733 2074 980 2140 notum
1022 2067 1151 2167 est)
1194 2075 1387 2142 certo
1419 2068 1830 2141 discrimine
1864 2068 2250 2158 differrent,
2280 2093 2534 2144 novam

302 2184 952 2280 interpretationem
990 2184 1224 2258 attulit
1269 2186 1375 2258 vir
1411 2186 1820 2281 ingeniosus
1855 2194 1922 2257 et
1966 2186 2298 2281 speciosis
2330 2210 2536 2283 argu-

303 2300 565 2373 mentis
598 2300 1066 2374 confirmavit.
1101 2302 1370 2397 Nempe
1413 2301 1736 2373 evincere
1766 2310 2064 2375 conatus
2093 2309 2197 2375 est
2235 2304 2526 2399 primaS,

300 2416 672 2506 secundam,
720 2418 957 2491 tertias
983 2424 1216 2513 partes
1248 2439 1394 2489 non
1435 2418 1525 2490 ad
1549 2440 1922 2513 personam
1954 2440 2170 2515 quam
2211 2418 2536 2492 tuebatur

302 2533 575 2620 artifex,
615 2534 739 2606 sed
792 2533 879 2607 ad
930 2550 1178 2606 cantus
1218 2533 1525 2616 ¹modum
1556 2557 1698 2631 quo
1731 2533 2096 2622 utebatur,
2126 2534 2534 2609 referendas

301 2673 480 2739 esse,
526 2650 623 2723 ita
662 2659 736 2721 ut
768 2650 841 2721 in
884 2674 1029 2723 una
1057 2648 1298 2723 fabula
1326 2649 1565 2745 plures
1595 2651 2019 2746 primarum,
2059 2651 2534 2725 secundarum

302 2774 425 2842 aut
464 2769 834 2840 tertiarum
867 2767 1175 2865 partium
1206 2774 1477 2840 actores
1504 2791 1652 2842 esse
1680 2775 1967 2865 possent
2005 2767 2136 2868 (2).
2173 2771 2359 2844 Huic
2387 2772 2540 2868 opi-

304 2886 506 2960 nioni
529 2890 927 2982 repugnant
958 2885 1321 2980 Delphicae
1343 2883 1601 2957 tabulae
1627 2885 1702 2956 in
1729 2883 1992 2982 quibus
2016 2887 2261 2983 viginti
2292 2911 2537 2985 greges

303 3001 551 3096 tragici
600 3010 669 3074 et
716 3001 969 3074 comici
1015 3000 1529 3092 inscribuntur,
1576 3007 1648 3074 et
1677 3002 1729 3073 ii
1777 3007 2182 3075 constanter
2229 3027 2268 3076 e
2311 3003 2538 3077 tribus

302 3115 659 3190 actoribus
701 3118 1098 3214 compositi.
1145 3121 1223 3190 ln
1269 3141 1414 3191 uno
1464 3119 1732 3191 comico
1781 3142 1901 3190 sex
1944 3119 2238 3216 quidem
2292 3122 2532 3194 nomi-

306 3239 597 3324 nantur,
646 3232 769 3307 sed
813 3234 884 3306 in
918 3257 999 3307 eo
1052 3232 1255 3307 facile
1306 3233 1577 3331 aliquid
1625 3234 2118 3331 perturbatum
2163 3235 2373 3310 fuisse
2419 3245 2540 3311 aut

301 3350 541 3445 potius
572 3350 917 3423 omissum
948 3372 1283 3447 agnoscas
1316 3349 1446 3449 (3).
1482 3355 1783 3446 Nempe,
1817 3351 1940 3448 qui
1965 3359 2260 3449 quartus
2292 3354 2539 3428 inscri-

306 3467 526 3557 bitur,
567 3467 725 3540 isin
765 3466 1123 3563 prioribus
1152 3466 1342 3539 ludis
1368 3468 1631 3564 primas
1659 3474 1936 3562 partes3
1973 3470 2096 3563 qui
2129 3470 2445 3565 quintu5‚
2479 3472 2538 3545 is

302 3605 470 3656 cum
516 3583 737 3678 priori
788 3583 1138 3656 secundas
1185 3584 1364 3680 egit;
1426 3590 1767 3679 praeterea
1818 3585 1894 3657 in
1949 3585 2092 3658 fine
2147 3587 2406 3660 omissa
2435 3595 2538 3663 est

304 3699 573 3772 mentio
605 3699 915 3794 magistri
948 3705 1017 3770 et
1056 3697 1393 3771 tibicinis.
1431 3698 1533 3770 Ex
1568 3721 1712 3795 quo
1745 3699 1824 3771 fit
1863 3700 2322 3775 manifestum
2351 3703 2539 3777 inter

302 3816 595 3887 tertium
641 3821 706 3888 et
770 3821 1099 3911 quartum
1154 3814 1491 3890 excidisse
1528 3817 1946 3913 magistrum
2005 3824 2073 3890 et
2133 3817 2530 3911 tibicinem,

305 3953 438 4003 nec
468 3954 695 4002 unum
728 3929 848 4004 sed
875 3930 1054 4004 duos
1086 3955 1327 4029 greges
1355 3932 1595 4005 fuisse.
1631 3933 1758 4005 His
1789 3934 2130 4030 exemplis
2155 3934 2530 4022 adductus,

304 4047 392 4120 ad
424 4069 507 4120 ea
540 4069 699 4143 quae
734 4046 1181 4121 tradiderunt
1215 4047 1490 4146 antiqui
1523 4056 1857 4139 revertar,
1898 4050 2166 4126 scilicet
2207 4060 2348 4126 tres
2382 4061 2540 4126 tan-

384 4259 466 4340 (1)
514 4260 881 4335 Decharme,
918 4260 1301 4341 Inscriptions
1333 4261 1401 4322 de
1431 4262 1489 4322 la
1516 4262 1741 4338 Be'otie,
1775 4266 1874 4339 26,
1905 4262 1951 4324 1.
1980 4267 2190 4326 31-32.

390 4352 471 4434 (2)
515 4343 888 4414 Edelestand
925 4356 1020 4414 Du
1060 4355 1259 4428 Meril,
1301 4355 1562 4416 Histoire
1598 4356 1667 4418 de
1696 4356 1752 4417 la
1781 4357 2032 4420 come'die
2059 4359 2350 4435 ancienne,
2394 4363 2532 4443 t.,1,
2609 4440 2613 4444 .

215 4466 221 4473 ·
306 4446 555 4527 append.
591 4449 649 4506 7.

389 4539 468 4624 (3)
511 4541 918 4620 Inscriptions
946 4541 1213 4604 inedites
1241 4542 1317 4604 de
1348 4544 1641 4623 DelpheS,
1673 4548 1748 4618 V,
1781 4549 1978 4608 55-71·
