3392 5500
1300 542 1614 601 -53-

326 671 559 756 dium,
604 694 831 765 quum
876 671 1310 746 Macedoniae
1354 676 1704 770 Cyprique
1735 695 1932 769 reges
1963 680 2032 746 et
2059 672 2562 747 Thessalorum

324 788 610 881 tyranni
639 789 1048 861 Graecarum
1079 790 1339 861 artium
1386 788 1763 885 splendore
1806 788 2167 862 nobilitari
2203 787 2460 862 vellent
2498 796 2568 863 et

324 902 649 977 latiorem
671 904 884 976 etiam
911 926 1245 1000 campum
1273 906 1629 978 artificum
1654 906 2024 980 industriae
2046 927 2242 977 arma
2265 902 2568 977 Alexan-

326 1016 440 1091 dri
468 1019 939 1114 aperuissent.
971 1020 1185 1092 Nulla
1217 1042 1367 1093 non
1402 1022 1643 1095 civitas
1670 1022 2033 1095 theatrum
2064 1044 2274 1095 suum
2305 1023 2567 1094 exstrui

328 1135 621 1231 cupivit,
664 1142 738 1207 ut
778 1135 992 1230 paulo
1031 1136 1215 1209 infra
1254 1137 1327 1210 in
1375 1137 1625 1210 insulis
1643 1138 1863 1232 AEgaei
1903 1138 2116 1211 maris
2145 1136 2560 1212 videbimus,

332 1248 417 1321 In
455 1251 622 1323 Asia
655 1273 843 1339 ver0,
890 1274 1035 1323 non
1072 1250 1234 1325 dico
1280 1254 1353 1323 in
1400 1254 1620 1339 Ionia,
1664 1252 1896 1328 AEolia
1941 1260 2064 1327 aut
2106 1254 2333 1341 Caria,
2369 1254 2568 1350 jam-

330 1364 609 1440 dudum
646 1367 737 1440 ad
767 1389 885 1441 eas
914 1373 1099 1440 artes
1128 1367 1429 1442 coloniis
1458 1370 1708 1465 graecis
1741 1370 2118 1459 conversiS,
2164 1371 2286 1443 sed
2323 1369 2397 1441 in
2429 1369 2572 1465 Ly-

329 1482 440 1555 cia
479 1490 549 1554 et
583 1481 1024 1578 Pamphylia,
1055 1481 1304 1556 effossa
1343 1484 1778 1558 theatrorum
1817 1484 2078 1557 rudera
2109 1482 2409 1574 Alindae,
2438 1488 2564 1559 Pa-

328 1604 531 1683 tarae,
556 1596 823 1667 Xanthi
863 1595 1163 1691 aliisque
1204 1596 1277 1667 in
1304 1595 1603 1669 urbibus
1640 1620 1786 1671 non
1829 1598 1925 1671 ita
1956 1597 2343 1671 nobilibus.
2381 1599 2566 1685 Quid

331 1712 405 1783 in
434 1711 633 1785 novis
666 1711 882 1807 Syriae
911 1712 1334 1809 AEgyptique
1366 1714 1598 1809 regnis
1625 1736 1936 1809 quorum
1969 1712 2271 1804 domini,
2304 1717 2567 1789 Groecae

329 1825 625 1922 originis
664 1848 1041 1913 memoreS‚
1076 1832 1388 1900 veterem
1418 1825 1767 1901 Groeciam
1797 1850 2083 1926 aequare
2115 1835 2327 1926 atque
2355 1830 2567 1904 etiam

332 1964 670 2038 superare
716 1939 1247 2039 magnificentia
1289 1940 1626 2017 ludorum
1662 1950 1734 2018 et
1770 1948 2236 2041 apparatuum
2269 1946 2568 2041 sumpti-

332 2056 468 2130 bus
508 2056 980 2131 studuerunt?

436 2177 489 2245 E
514 2182 706 2247 tanta
736 2176 1209 2249 certaminum
1254 2176 1687 2247 musicorum
1723 2174 2122 2269 frequentia
2156 2176 2322 2247 satis
2350 2197 2565 2271 appa-

332 2295 443 2362 ret
478 2297 747 2385 quanta
786 2292 1227 2363 scenicorum
1268 2290 1732 2385 collegiorum
1771 2310 1988 2383 opera
2023 2312 2175 2361 esse
2209 2288 2561 2363 debuerit.

331 2405 504 2489 Quis
571 2404 784 2477 fuerit
840 2405 1196 2479 artificum
1253 2427 1594 2478 numerus
1649 2410 1958 2477 statuere
2010 2428 2154 2477 non
2203 2403 2394 2493 licet,
2442 2406 2565 2478 sed

335 2528 616 2594 tantum
645 2545 684 2594 e
713 2522 959 2618 paucis
983 2520 1431 2595 documentis
1465 2522 1950 2617 conjecturam
1979 2520 2232 2595 facere.
2267 2520 2568 2595 Alexan-

332 2634 442 2709 dri
475 2643 821 2732 tempore,
853 2638 986 2709 tria
1024 2637 1253 2711 millia
1287 2636 1641 2711 artificum
1675 2637 1750 2707 in
1789 2643 2137 2710 extremos
2169 2636 2351 2708 Asiae
2387 2636 2568 2709 fines

332 2774 482 2825 sese
522 2753 985 2826 contulerunt
1016 2752 1157 2850 (1);
1219 2753 1692 2842 Alexandriae,
1738 2752 1813 2824 in
1872 2774 2018 2825 una
2068 2775 2328 2849 pompa
2387 2754 2568 2849 regis

330 2866 729 2956 Ptolemaei,
774 2868 1183 2957 citharistae,
1229 2891 1541 2964 quorum
1575 2867 1893 2941 solorum
1939 2865 2240 2940 traditus
2288 2875 2394 2941 est
2430 2893 2566 2942 nu-

332 3006 594 3072 merus,
619 2984 1030 3060 cecinerunt
1070 2985 1362 3059 trecenti
1392 2985 1513 3080 (2).
1551 2985 1738 3056 Hinc
1769 2983 2074 3056 aestimes
2109 3004 2323 3078 quam
2357 2982 2564 3054 multi

327 3098 407 3170 in
453 3121 594 3172 uno
642 3099 940 3197 collegio
985 3100 1197 3173 simul
1240 3101 1490 3172 versati
1534 3100 1700 3172 sint.
1749 3101 1951 3172 Certe
1996 3099 2286 3185 scimus,
2337 3120 2562 3193 quum

327 3215 579 3287 Teium
647 3214 1030 3312 collegium
1089 3214 1457 3290 Lebedum
1513 3214 2029 3310 commigravit,
2096 3212 2562 3286 libentissime

330 3331 648 3405 scenicos
687 3354 728 3403 a
764 3331 1093 3404 Lebediis
1122 3338 1445 3428 acceptos
1480 3331 1724 3420 fuisse,
1770 3329 1951 3403 laetis
1990 3328 2182 3428 quod
2223 3330 2384 3404 urbi
2415 3353 2562 3402 suae

330 3444 732 3520 incolarum
778 3446 1262 3543 infrequentia
1311 3446 1681 3543 languenti
1734 3446 1927 3520 haud
1967 3468 2179 3542 parva
2214 3445 2410 3520 fieret
2449 3469 2564 3518 ac-

330 3563 553 3636 cessio
588 3561 721 3660 (3).

433 3677 789 3752 Plurimos
826 3679 903 3750 in
932 3701 1365 3776 unoquoque
1405 3677 1704 3774 collegio
1744 3678 1978 3750 omnis
2009 3676 2289 3774 generis
2331 3676 2566 3749 sceni-

329 3818 449 3868 cos
486 3794 699 3868 fuisse
729 3795 1070 3892 oportuit,
1104 3795 1229 3890 qui
1259 3802 1403 3866 tam
1446 3791 1836 3866 multarum
1868 3791 2156 3866 urbium
2196 3791 2385 3865 ludis
2419 3791 2568 3864 suf-

328 3910 645 3985 ficerent.
685 3910 1011 3982 Primum
1059 3911 1253 3982 enim
1299 3909 1374 3982 in
1418 3933 1570 3997 sua,
1619 3914 1695 3980 ut
1731 3909 1830 3980 ita
1880 3909 2140 3998 dicam,
2173 3908 2562 4003 provincia,

328 4025 713 4123 collegium
760 4026 1042 4113 Teium,
1100 4027 1239 4098 sive
1285 4048 1370 4098 ex
1418 4024 1711 4098 arbitrio
1753 4047 1882 4096 suo
1931 4023 2074 4096 sive
2119 4046 2158 4096 e
2196 4030 2425 4119 pacto,
2478 4024 2569 4096 ad

334 4143 741 4240 peragenda
769 4143 843 4214 in
883 4141 1283 4215 civitatibus
1324 4141 1655 4238 Dionysia
1692 4145 1818 4213 aut
1849 4139 1988 4213 alia
2025 4139 2226 4226 festa,
2261 4138 2567 4212 artifices

413 4433 497 4512 (1)
545 4430 882 4501 Plutarch„
921 4428 1249 4504 Alexand„
1283 4433 1380 4490 72.
1409 4460 1489 4475 —
1514 4426 1597 4508 (2)
1631 4425 1994 4500 AthenaeUS,
2023 4427 2100 4502 V,
2133 4425 2235 4487 ch.
2267 4427 2365 4488 34.

417 4527 501 4607 (3)
546 4524 794 4601 StrabO,
826 4526 985 4600 xlv,
1019 4541 1060 4598 1,
1086 4528 1184 4584 29.
