3392 5500
1799 586 2110 646 „52-

934 720 1198 794 Thebis
1234 742 1544 816 quoque,
1590 720 1912 815 quamvis
1954 722 2028 790 in
2074 740 2158 791 ea
2204 715 2379 790 urbe
2409 715 2791 815 collegium
2834 717 3065 790 sceni-

834 860 1083 912 corum
1116 835 1569 920 consedisset,
1605 832 1802 906 haud
1855 832 2157 907 dubium
2192 840 2295 907 est
2337 838 2625 907 externa
2663 834 2878 905 etiam
2923 830 3074 905 col—

834 954 1018 1049 legia
1064 950 1272 1024 ludos
1314 950 1597 1023 adiisse.
1653 949 1830 1036 Quis
1869 950 2062 1023 enim
2112 947 2502 1041 aflificibus
2555 972 2640 1022 ex
2689 949 2962 1021 Isthmo
3004 958 3072 1022 et

837 1074 1101 1143 Nemea
1136 1065 1431 1164 proxeni
1460 1063 1780 1138 Thebani
1805 1087 2000 1155 usus,
2037 1064 2176 1136 nisi
2197 1064 2330 1160 ipsi
2374 1063 2446 1136 in
2489 1087 2644 1136 eam
2679 1065 3067 1161 regionem,

837 1185 927 1258 ad
973 1182 1361 1256 certamina
1422 1179 1830 1267 subeunda,
1895 1179 2480 1275 commigrassent
2531 1177 2718 1276 (vide
2766 1204 2840 1275 p.
2899 1178 3076 1276 27)?

839 1299 1107 1371 Diserte
1152 1296 1362 1369 etiam
1415 1295 1779 1369 declarant
1816 1295 1966 1367 Teii
2013 1295 2271 1367 scenici
2315 1318 2386 1368 se
2422 1318 2439 1366 ε
2501 1322 2531 1360 «
2569 1293 2890 1390 Delphis,
2934 1298 3074 1391 Py-

840 1413 1005 1486 thiis
1060 1419 1129 1486 et
1183 1412 1508 1499 Soteriis;
1567 1412 1917 1507 Thespiis,
1971 1411 2298 1501 Musaeis3
2357 1409 2643 1498 Thebis,
2712 1410 3074 1485 Heracleis

834 1529 1026 1603 ludis
1075 1525 1541 1625 adfuisse(1).
1582 1555 1614 1594 »
1679 1529 1782 1599 Ex
1847 1544 1989 1622 quo
2049 1527 2506 1623 perspicuum
2565 1526 2644 1598 fit
2690 1525 2904 1600 urbes
2957 1550 3076 1601 eas

838 1646 1155 1742 primum
1182 1642 1539 1715 artificum
1575 1664 1871 1715 suorum
1893 1664 2179 1738 operam
2206 1640 2340 1715 sibi
2363 1639 2780 1730 vindicasse,
2812 1640 3076 1715 deinde
3207 1638 3220 1649 ’

835 1768 1290 1833 externorum
1314 1780 1603 1854 quoque
1626 1756 1891 1830 auxilia
1917 1755 2228 1832 libenter
2246 1759 2598 1853 accepisse
2619 1764 2832 1853 atque
2859 1759 3070 1831 etiam

836 1876 1225 1971 quaesiisse.
1264 1874 1469 1946 Tanti
1528 1874 1872 1945 momenti
1909 1872 2278 1947 videbatur
2323 1871 2536 1948 ludos
2583 1895 2814 1947 sacros
2858 1896 3074 1969 quam

836 1988 1409 2088 splendidissime
1449 1988 1714 2083 peragi,
1752 2010 1978 2084 quum
2023 1987 2112 2061 ad
2159 1987 2556 2085 aagendam
2596 1991 3074 2063 certaminum

833 2105 1147 2194 laudem,
1198 2111 1349 2177 tum
1388 2104 1694 2177 maxime
1737 2103 1826 2177 ad
1857 2104 2380 2179 conciliandam
2417 2106 2677 2180 civitati
2716 2129 2847 2201 per
2882 2129 3080 2202 mag—

840 2222 1277 2296 nificentiam
1313 2226 1691 2315 apparatus
1727 2220 2022 2293 deorum
2055 2219 2648 2296 benevolentiam.

934 2340 1070 2413 Sed
1118 2360 1365 2434 paucae
1405 2334 1794 2410 admodum
1835 2343 2040 2409 erant
2079 2335 2292 2411 urbes
2329 2361 2489 2433 quae
2539 2361 2668 2434 per
2695 2362 2876 2443 suos,
2909 2340 3078 2413 arti-

834 2458 1027 2542 ficeS,
1082 2453 1291 2527 ludos
1334 2474 1482 2525 non
1522 2450 1754 2525 dicam
1804 2453 2169 2548 perficere,
2225 2454 2347 2528 sed
2383 2454 2495 2527 vix
2524 2455 3078 2551 inchoarepos—

842 2579 1021 2643 sent.
1065 2574 1257 2656 Quos
1294 2591 1519 2666 quum
1567 2569 1801 2641 omitti
1832 2569 2032 2643 nefas
2075 2577 2274 2659 esset,
2320 2571 2393 2644 id
2423 2569 2780 2668 plerisque
2821 2595 3081 2645 curan-

842 2688 1016 2761 dum
1055 2686 1187 2760 fuit
1216 2693 1296 2759 ut
1330 2684 1646 2758 scenicos
1676 2706 1761 2756 ex
1790 2684 1946 2758 aliis
1986 2685 2394 2784 regionibus
2424 2688 2650 2784 pretio
2674 2686 3071 2762 allicerent.

840 2806 928 2877 Hi
960 2826 1123 2877 vero
1164 2827 1247 2876 ea
1279 2801 1687 2875 conditione
1723 2803 2310 2881 conduuehantur
2347 2811 2450 2894 ut,
2499 2805 2553 2876 si
2595 2803 2784 2878 ludis
2818 2806 3080 2880 defuis-

837 2926 941 2993 set
986 2917 1259 3005 artifex,
1296 2914 1612 3012 pignoris
1657 2917 1856 3010 prius
1903 2919 2174 3014 accepti
2227 2917 2488 3014 duplex
2535 2919 2804 2995 mulcta
2853 2921 3078 2996 solve-

838 3044 1057 3109 retur.

930 3148 1443 3236 AristodemuS,
1494 3150 2377 3246 AtheniensistragoeduS,
2437 3175 2661 3248 quum
2701 3152 2935 3227 verbis
2985 3152 3075 3227 ad

835 3268 1299 3340 Athenienses
1351 3265 1611 3351 relatiS,
1657 3263 2009 3361 populum
2041 3272 2513 3364 senatumque
2545 3274 2615 3341 et
2651 3270 2891 3364 ipsum
2928 3272 3074 3344 De-

839 3383 1283 3458 mosthenem
1340 3403 1460 3476 spe
1515 3383 1708 3478 pacis
1747 3381 2162 3477 decepisset,
2213 3382 2545 3455 invitatus
2599 3389 2676 3454 ut
2722 3382 3076 3478 legatione

839 3501 1029 3596 apud
1049 3497 1519 3571 Macedonum
1546 3520 1784 3594 regem
1817 3497 2260 3594 fungeretur,
2287 3499 2807 3573 excusationem
2841 3502 3074 3573 attulit

840 3640 923 3690 ea
950 3639 1110 3712 quae
1141 3637 1305 3688 cum
1345 3611 1675 3710 pluribus
1706 3611 2104 3685 civitatibus
2141 3612 2232 3685 ad
2272 3612 2547 3686 fabulas
2585 3613 2890 3711 agendas
2922 3640 3074 3712 pac-

840 3739 953 3805 tus
974 3737 1152 3804 esset
1172 3758 1191 3818 ;
1218 3737 1372 3802 tum
1406 3729 1920 3803 Demosthenes
1949 3729 2025 3800 in
2045 3729 2404 3802 concione
2431 3729 2642 3803 verba
2679 3731 2839 3804 fecit
2882 3741 2958 3805 ut
2989 3732 3070 3804 ad

841 3871 955 3922 eas
981 3848 1293 3921 civitates
1324 3845 1593 3941 legatos
1622 3842 1932 3941 populus
1958 3845 2266 3918 mitteret
2299 3846 2420 3941 qui
2452 3870 2582 3942 pro
2611 3848 3064 3922 Aristodemo

840 3963 1124 4060 publice
1164 3960 1463 4034 mulctas
1494 3954 2214 4059 deprecarentur'ffl).

936 4081 1152 4176 Magis
1180 4101 1342 4152 vero
1383 4085 1594 4175 atque
1631 4079 1851 4174 magis
1880 4086 2075 4152 extra
2112 4079 2292 4152 fines
2317 4081 2571 4153 veteris
2591 4081 2886 4154 Graeciae
2916 4105 3077 4179 pro-

843 4205 1174 4294 pagatum
1214 4193 1346 4268 fuit
1374 4195 1477 4267 rei
1514 4196 1813 4268 scenicae
1843 4201 1911 4268 et
1953 4195 2388 4269 musicorum
2419 4198 2889 4270 certaminum
2930 4205 3078 4270 stu-

934 4481 1011 4561 (1)
1061 4478 1285 4558 Corpus
1309 4477 1483 4538 mser.
1517 4496 1637 4556 qr„
1680 4480 1857 4550 3067,
1882 4478 1926 4539 l.
1961 4481 2061 4541 20.

928 4575 1011 4655 (2)
1054 4572 1359 4648 AEschin.,
1387 4571 1476 4632 De
1503 4571 1653 4632 male
1678 4579 1840 4650 qesta
1873 4572 2178 4652 leqatione,
2212 4575 2308 4646 19,
2337 4578 2399 4633 et
2429 4572 2757 4638 Scholiast.
