3392 5500
1721 496 2046 557 -86-

1819 892 1945 965 ΙΧ.

757 1198 1178 1276 Qum-mdo
1218 1200 1599 1270 Romani,
1635 1200 1906 1257 libel-te
1949 1201 2417 1271 reipublicae
2458 1203 2996 1273 temporibus,

1010 1299 1474 1357 Graecorum
1513 1302 1835 1358 women
1874 1302 2210 1371 concula
2251 1295 2746 1357 hahuerunt?

862 1573 1197 1645 Romanis
1226 1573 1517 1645 Graeciae
1547 1573 2090 1648 imminentibus
2113 1632 2129 1663 ‚
2183 1597 2349 1647 mox
2386 1574 2992 1670 imperitantibuS‚

761 1712 925 1785 quae
959 1687 1173 1762 fuerit
1214 1712 1378 1785 erga
1414 1690 1713 1763 victores
1752 1690 2110 1764 artificum
2145 1691 2593 1764 scenicorum
2633 1690 2988 1781 voluntaS,

760 1804 965 1879 facile
1008 1828 1093 1879 ex
1121 1806 1206 1879 iis
1245 1828 1407 1902 quae
1456 1829 1670 1902 supra
1710 1806 2015 1879 vidimus
2059 1806 2396 1903 conjicias
2428 1834 2446 1895 3
2493 1808 2795 1880 Romani
2833 1831 2999 1881 vero

759 1945 879 1995 eos
918 1945 1375 2019 nequaquam
1410 1946 1447 1997 e
1483 1947 1611 1997 suo
1655 1924 1942 2020 ingenio
1991 1929 2062 1996 et
2114 1925 2356 2020 patriis
2398 1923 2742 2009 institutis
2785 1947 3000 1999 acce-

760 2046 1050 2136 perunt.
3085 2030 3088 2033 ’

858 2160 957 2229 De
1000 2155 1299 2229 scenicis
1338 2155 1527 2253 apud
1568 2160 1923 2230 Romanos
1963 2155 2328 2253 disputare
2365 2180 2406 2229 a
2434 2158 2797 2253 proposito
2827 2181 2996 2231 nos-

761 2280 872 2346 tro
920 2273 1237 2347 alienum
1282 2279 1428 2361 est3
1482 2296 1710 2369 pauca
1743 2294 2306 2347 commemorare
2342 2274 2507 2346 satis
2549 2275 2684 2347 erit
2733 2273 2999 2370 quibus

764 2395 1097 2487 appareat
1128 2412 1271 2486 qua
1308 2391 1718 2464 conditione
1750 2389 2043 2463 fuerint.
2085 2388 2298 2486 Apud
2326 2389 2617 2478 TuscOS,
2661 2391 2856 2464 unde
2891 2414 3000 2464 re-

765 2505 1049 2602 ligionis
1102 2530 1314 2580 causa
1366 2530 1477 2579 ars
1524 2504 1806 2579 ludicra
1847 2506 2068 2579 accita
2116 2514 2244 2593 est,
2307 2529 2540 2579 servos
2591 2506 2806 2579 fuisse
2843 2507 3003 2579 his—

764 2624 1031 2697 triones
1077 2624 1370 2698 tradidit
1417 2624 1652 2696 Livius
1691 2623 1868 2722 (Vll,
1909 2621 2008 2722 2).
2063 2625 2474 2719 Congruens
2522 2623 2692 2696 huic
2745 2624 3000 2720 origini

772 2743 1255 2815 Romanorum
1285 2743 1553 2840 opinio,
1604 2751 1674 2818 et
1717 2741 2121 2839 Scipionem
2159 2742 2405 2816 Cicero
2449 2742 2546 2815 ita
2588 2740 3001 2836 loquentem

770 2857 1051 2930 induxit
1086 2882 1102 2930 :
1154 2887 1185 2925 «
1222 2863 1457 2945 Quum
1486 2867 1714 2933 artem
1752 2860 2102 2933 ludicram
2135 2881 2564 2955 scenamque
2593 2863 2812 2930 totam
2839 2881 3005 2954 pro-

770 2970 899 3044 bro
944 2971 1311 3060 ducerent,
1344 2997 1569 3071 genus
1609 2974 1680 3046 id
1722 2977 2100 3050 hominum
2136 2998 2278 3048 non
2329 2973 2546 3047 modo
2582 2974 2858 3046 honore
2903 2974 3007 3045 ci-

772 3091 966 3163 vium
1004 3091 1451 3188 reliquorum
1506 3117 1769 3184 carere,
1832 3094 1956 3166 sed
2002 3095 2213 3166 etiam
2260 3092 2447 3165 tribu
2495 3093 2759 3165 moveri
2791 3097 3006 3164 nota-

777 3208 966 3282 tione
997 3211 1319 3284 censoria
1340 3211 1722 3284 voluerunt
1744 3209 1874 3309 (1).
1893 3240 1923 3279 »
1966 3209 2240 3285 Similia
2265 3209 2526 3295 LiviuS,
2556 3210 2642 3281 de
2657 3207 3004 3282 Atellanis

776 3325 1214 3397 mentionem
1270 3325 1587 3400 faciens:
1634 3356 1663 3394 «
1707 3326 1910 3413 Quod
1961 3350 2184 3423 genus
2237 3324 2578 3400 ludorum
2633 3333 3003 3423 acceptum

776 3443 1008 3514 tenuit
1035 3442 1396 3538 juventuS,
1442 3467 1576 3518 nec
1603 3447 1693 3518 ab
1731 3444 2201 3518 histrionibus
2237 3445 2462 3540 pollui
2497 3467 2699 3541 passa
2737 3451 2861 3516 est.
2904 3446 3002 3516 Eo

776 3558 1180 3632 institutum
1216 3568 1455 3634 manet
1489 3568 1567 3635 ut
1595 3568 1867 3636 actores
1907 3561 2401 3635 Atellanorum
2441 3585 2575 3634 nec
2621 3558 2810 3633 tribu
2851 3582 3004 3632 mo-

775 3681 1069 3748 veantur
1124 3683 1193 3750 et
1242 3678 1619 3774 stipendia,
1680 3685 2022 3775 tanquam
2083 3684 2402 3773 expertes
2454 3677 2622 3750 artis
2673 3675 2996 3764 ludicrae,

777 3791 1041 3866 faciant
1063 3792 1192 3891 (2).
1229 3827 1262 3860 »
1291 3794 1566 3866 Clarius
1594 3795 1809 3868 etiam
1833 3818 1976 3891 quo
2011 3794 2169 3868 loco
2195 3793 2460 3867 suerint
2487 3793 2750 3867 scenici
2775 3799 3002 3866 osten-

770 3907 888 3980 det
930 3908 1276 4003 particula
1317 3909 1470 4005 ejus
1516 3908 1687 4005 legis
1735 3931 1896 4006 quae
1933 3910 2074 3981 Lex
2115 3907 2302 3980 Julia
2348 3908 2800 4004 Municipalis
2840 3909 3000 3981 ins-

775 4021 1097 4102 cribitur.
1123 4023 1510 4118 Designatis
1537 4023 1732 4095 enim
1752 4022 2168 4096 hominibus
2192 4023 2452 4120 quibus
2478 4021 3002 4118 magistratibus

770 4137 1245 4228 interdicitur,
1288 4145 1577 4234 propter
1635 4136 1893 4211 delicta
1943 4139 2137 4212 domi
2193 4139 2608 4236 militiaeque
2655 4139 2993 4224 admissa,

772 4254 961 4326 inter
1000 4253 1405 4348 turpissima
1442 4252 1744 4327 artificia
1787 4253 2192 4327 referuntur
2230 4255 2491 4328 scenici
2530 4285 2564 4320 <c
2598 4255 2807 4350 quive
2849 4276 3000 4328 cor-

846 4500 934 4582 (1)
976 4501 1375 4580 Respublica,
1403 4503 1509 4579 IV,
1539 4521 1602 4580 x,
1636 4505 1730 4564 10.
1761 4536 1836 4549 —
1868 4501 1952 4582 (2)
1987 4502 2222 4578 Livius,
2255 4503 2388 4574 VII,
2420 4505 2480 4563 2.
