3392 5500
1789 477 2107 538 ...32-

828 631 984 682 cam
1041 631 1332 682 omnem
1379 609 1757 706 complecti
1802 616 2098 684 testatur
2127 611 2427 684 Iasensis
2453 610 2732 684 titulus·
2780 614 2861 684 In
2893 635 3066 708 quo,

833 749 1058 822 quum
1087 725 1239 798 Teii
1276 725 1540 798 scenici
1575 726 1974 822 spondeant
2003 749 2076 799 se
2118 728 2350 800 Iasum
2380 727 2720 801 missuros
2758 728 3065 802 artifices

834 842 959 938 qui
1001 842 1260 916 choros
1296 841 1666 915 instituant
1709 842 1785 914 in
1832 842 2179 916 honorem
2220 843 2337 917 dei
2387 845 2787 918 secundum
2836 847 3067 942 patria

836 958 1133 1031 civitatis
1163 957 1507 1047 instituta,
1568 981 1719 1032 non
1772 957 2101 1032 tibicines
2150 957 2384 1032 solum
2442 957 2586 1034 duo
2636 959 3059 1058 designant,

838 1073 959 1148 sed
1003 1074 1218 1148 etiam
1274 1073 1626 1172 tragoedos
1671 1080 1741 1149 et
1776 1072 2139 1148 comoedos
2194 1072 2339 1148 duo
2368 1133 2385 1164 ‚
2449 1077 2923 1151 citharoedum
2996 1084 3068 1151 et

835 1190 1271 1265 citharistam
1312 1188 1444 1289 (1).
1491 1193 1811 1276 Quorum
1865 1189 2023 1287 quis
2063 1214 2233 1264 usus
2275 1191 2544 1281 fuisset,
2592 1192 2651 1266 si
2691 1193 2779 1268 de
2828 1194 3068 1268 choris

835 1308 1068 1381 solum
1119 1312 1494 1404 ageretur?
1537 1307 1716 1381 Satis
1756 1307 1975 1404 igitur
2021 1306 2476 1382 manifestum
2520 1314 2625 1382 est
2687 1308 2813 1384 illa
2866 1333 3067 1384 voca-

835 1423 1030 1511 bula,
1084 1425 1298 1520 prisci
1359 1424 1701 1521 temporis
1756 1423 2103 1497 memoria
2150 1445 2290 1520 quo
2348 1424 2608 1498 festum
2666 1448 2882 1498 omne
2933 1449 3066 1522 per

835 1541 1092 1615 choros
1139 1540 1632 1637 peragebatur,
1688 1541 1905 1613 etiam
1958 1539 2183 1613 serius
2221 1542 2554 1637 usurpari
2610 1539 2845 1628 solita,
2906 1565 3063 1641 rem

831 1664 1085 1732 contra
1115 1657 1342 1731 multo
1380 1656 1594 1730 latius
1629 1663 1899 1753 patere.

933 1779 1080 1848 Nec
1130 1774 1370 1847 minus
1427 1796 1593 1870 erga
1655 1773 1976 1849 scenicos
2034 1775 2342 1848 artifices
2401 1797 2616 1871 quam
2688 1797 2855 1872 erga
2910 1798 3064 1847 rem

837 1891 1190 1966 scenicam
1230 1889 1327 1962 dii
1358 1889 1932 1964 benevolentiam
1978 1914 2180 1964 suam
2224 1899 2465 1988 aperte
2494 1891 3058 1965 declaraverunt.
3114 1947 3119 1951 .

841 2007 1115 2104 Quippe
1168 2007 1241 2079 in
1304 2007 1472 2080 Teio
1533 2004 1771 2102 lapide
1829 2013 2322 2082 memorantur
2371 2007 2722 2104 Apollinis
2774 2007 3065 2082 oracula

850 2152 882 2190 α
920 2122 1182 2220 quibus
1220 2122 1446 2196 Graeci
1485 2120 1806 2196 obsecuti
1836 2123 2140 2197 artifices
2183 2147 2409 2221 quum
2459 2147 2630 2220 pace
2676 2133 2831 2198 tum
2877 2122 3065 2198 bello

835 2245 1026 2314 tutos
1054 2246 1123 2314 et
1150 2238 1522 2313 inviolatos
1558 2261 1711 2313 esse
1746 2239 2057 2314 universi
2086 2240 2452 2337 jusserunt
2476 2238 2581 2339 (2)
2610 2269 2641 2309 »
2668 2295 2684 2312 .

933 2356 1133 2431 Sacri
1182 2356 1398 2454 igitur
1425 2355 1729 2430 artifices
1774 2362 1846 2430 et
1891 2379 2019 2430 sua
2052 2363 2146 2446 et,
2186 2357 2380 2454 quod
2412 2357 2694 2454 gravius
2733 2363 2866 2448 est,
2908 2380 3066 2431 om-

835 2475 1040 2547 nium
1079 2473 1417 2569 opinione
1459 2472 1679 2545 habiti
1720 2478 1912 2546 sunt.
1971 2471 2054 2545 In
2098 2473 2711 2565 exercendaarte,
2755 2497 2904 2548 non
2946 2497 3066 2547 vo-

832 2589 1091 2685 luptati
1131 2589 1512 2663 hominum
1547 2611 1677 2684 per
1716 2586 2020 2678 ludicra,
2056 2587 2181 2663 sed
2230 2587 2534 2665 deorum
2583 2589 2907 2686 religioni
2944 2613 3062 2664 eos

831 2704 1210 2781 consulere
1265 2702 1815 2779 arbitrabantur.
1884 2706 2129 2803 Neque
2195 2705 2389 2780 enim
2450 2729 2616 2779 cum
2660 2704 3066 2780 Iasensibus

830 2828 1036 2919 pacta
1073 2844 1220 2895 esse
1251 2820 1627 2895 conventio
1665 2818 1931 2893 dicitur
1960 2829 2037 2894 ut
2068 2822 2118 2893 ii
2159 2822 2579 2918 spectaculis
2610 2829 2733 2895 aut
2772 2820 3065 2896 musicis

829 2938 1022 3012 ludis
1053 2936 1434 3035 gaudeant,
1471 2934 1595 3009 sed
1627 2942 1710 3009 ut
1737 2996 1753 3027 ‚
1808 2938 2168 3012 artificum
2208 2939 2501 3028 auxilio,
2536 2937 2772 3013 debita
2814 2963 2901 3013 ex
2941 2940 3059 3010 in-

829 3053 1091 3126 stitutis
1142 3053 1493 3150 majorum
1544 3052 1825 3148 pietatis
1873 3074 2039 3150 erga
2092 3052 2306 3126 deum
2363 3052 2601 3126 officia
2639 3052 3065 3149 persolvan-

828 3174 944 3242 tur
973 3165 1106 3265 (3).
1142 3168 1392 3264 Neque
1421 3166 1632 3241 aliter
1663 3168 1799 3263 ipsi
1834 3169 2371 3264 Amphictiones
2396 3192 2649 3242 eorum
2679 3167 3063 3243 artificium

827 3284 1180 3360 definiunt
1217 3286 1354 3359 nisi
1409 3313 1440 3352 «
1479 3291 1556 3357 ut
1587 3284 1723 3358 diis
1753 3283 1994 3359 officia
2030 3285 2369 3382 legitima,
2401 3284 2665 3387 quibus
2699 3286 3060 3383 praepositi

829 3409 996 3475 sunt
1053 3401 1406 3491 artificess
1440 3408 1872 3498 peragantur
1930 3402 2006 3474 in
2064 3402 2260 3474 statis
2308 3401 2775 3498 temporibuS,
2835 3426 3061 3499 quum

825 3520 968 3594 sint
1010 3520 1144 3616 ipsi
1192 3519 1392 3593 omni
1435 3517 1716 3615 negotio
1756 3519 1954 3591 vacui
2000 3524 2071 3592 et
2112 3518 2293 3591 sacri
2346 3518 2437 3591 ad
2499 3517 2800 3592 deorum
2852 3540 3064 3591 exse-

826 3636 1150 3733 quendos
1175 3635 1530 3732 legitimos
1563 3636 1876 3709 honores
1908 3633 2011 3732 (4)
2049 3661 2115 3707 2).

924 3755 1216 3848 Propter
1242 3774 1401 3848 quae
1427 3750 1690 3824 scenici
1731 3773 1883 3824 sese
1922 3772 1961 3823 e
1996 3752 2366 3825 communi
2399 3752 2782 3825 hominum
2819 3752 3060 3827 condi·
3140 3732 3147 3737 ⁴

827 3870 1018 3943 tione
1059 3873 1388 3943 exserunt
1439 3873 1508 3940 et
1551 3866 1686 3939 sibi
1738 3889 2018 3940 sacrum
2063 3867 2451 3962 quemdam
2504 3874 2766 3941 statum
2833 3869 3057 3942 vindi-

828 3992 994 4059 cant
1066 3989 1279 4080 atque
1343 3982 1418 4055 in
1487 3983 1638 4079 ipsa
1711 3979 2175 4079 collegiorum
2247 3980 2734 4079 designatione
2804 3983 3054 4058 Bacchi

904 4192 986 4271 (l)
1026 4192 1112 4253 Le
1140 4191 1261 4252 Bas
1288 4196 1353 4252 et
1377 4189 1828 4269 Waddington‚
1850 4186 2037 4249 Inscr.
2060 4185 2575 4267 d'Asie-Mineure,
2604 4191 2744 4266 281,
2775 4188 2820 4250 l.
2847 4192 3040 4252 15-17.

910 4286 987 4367 (2)
1035 4285 1263 4366 Corpus
1291 4284 1463 4346 inser.
1496 4304 1617 4364 qr„
1650 4287 1829 4360 3067,
1861 4284 1905 4345 l.
1941 4286 2139 4347 17-19.

902 4379 989 4459 (3)
1028 4382 1115 4441 Le
1143 4382 1264 4441 Bas
1286 4385 1350 4441 et
1375 4378 1824 4457 Waddington‚
1859 4377 2049 4438 Inscr.
2076 4376 2586 4455 d’Asie-Minem·e,
2620 4382 2760 4457 281,
2792 4380 2837 4441 1.
2873 4384 2968 4443 16.

900 4473 987 4555 (4)
1027 4476 1292 4535 Decreta
1317 4472 1851 4552 AmPhictionum‚
1882 4471 1927 4533 l.
1961 4475 2165 4535 15-18.
