3392 5500
804 634 1201 731 phictiones
1237 635 1313 703 ut
1345 635 1414 703 et
1443 629 1599 703 haec
1628 636 1907 704 servent
1935 632 2012 703 in
2045 653 2260 705 omne
2293 639 2578 728 tempus
2597 644 2665 706 et
2685 633 3040 729 quidquid

806 749 1002 823 aliud
1060 747 1234 821 boni
1300 744 1607 820 habeant
1668 746 1758 821 de
1819 747 2116 821 scenicis
2182 746 2575 821 artificibus
2655 747 3042 823 decernen-

721 898 725 903 ·
806 866 979 939 dum
1011 863 1139 963 (1).
1174 894 1207 933 »
1261 868 1404 938 Nec
1436 862 1669 936 defuit
1711 870 1833 937 aut
1872 864 2164 939 comitas
2199 864 2275 937 in
2330 865 2764 961 accipiendis
2809 865 3041 939 sceui-

804 1006 1054 1057 corum
1114 980 1387 1077 legatiS,
1444 987 1569 1053 aut
1618 978 1984 1077 diligentia
2047 981 2124 1053 in
2181 979 2585 1056 incidendis
2643 981 2908 1056 tabulae
2962 982 3040 1055 in

803 1098 1069 1195 templo
1118 1096 1441 1186 decretiS,
1488 1103 1610 1170 aut
1648 1096 1997 1171 mittendo
2028 1098 2119 1172 ad
2157 1098 2508 1195 populum
2571 1106 3042 1194 senatumque

732 1225 740 1237 ⁸
802 1215 1347 1289 Atheniensium
1384 1213 1786 1287 litterarum
1835 1213 2192 1311 exemplo.
2231 1218 2406 1301 Quae
2444 1240 2556 1288 res
2594 1215 3042 1312 Amphictio-

803 1332 1015 1404 nibus
1064 1329 1241 1405 adeo
1286 1330 1497 1427 digna
1548 1330 1783 1404 studio
1829 1338 1899 1404 et
1945 1332 2266 1427 ipsorum
2319 1332 2562 1427 pietati
2611 1332 3042 1406 couveniens

802 1449 948 1521 visa
993 1455 1098 1520 est
1155 1454 1232 1521 ut
1281 1446 1599 1543 quinque
1651 1447 1864 1520 etiam
1914 1445 2218 1521 aliorum
2269 1446 2594 1543 lapidum
2653 1448 3041 1544 fragmenta

801 1574 1200 1654 teneamus,
1247 1564 1319 1634 in
1360 1562 1619 1659 quibus
1665 1564 1754 1637 de
1795 1564 2092 1638 scenicis
2130 1562 2504 1661 splendide
2542 1570 2664 1637 aut
2699 1562 3037 1655 benevole

804 1680 1204 1755 consulitur
1230 1679 1363 1775 (2).
1400 1683 1573 1765 Quae
1604 1703 1830 1776 quum
1865 1680 2263 1755 miserrime
2293 1681 2534 1755 habita
2562 1681 2726 1767 sint,
2758 1679 3038 1776 paucis-

803 1798 983 1871 sima
1020 1796 1181 1870 erui·
1203 1804 1539 1893 possunt;
1585 1796 1765 1871 illud
1812 1804 2050 1873 tamen
2091 1798 2167 1870 in
2223 1820 2368 1871 uno
2411 1798 2864 1871 manifestum
2901 1804 3029 1883 est,

804 1914 1053 1987 ceteris
1109 1911 1370 2010 quibus
1416 1915 1567 2010 jam
1620 1912 2024 2010 gaudebant
2082 1915 2387 1987 artifices
2437 1914 2602 1988 addi
2647 1914 2768 2010 jus
2805 1944 3044 2011 χρυσο-

804 2032 1033 2127 φορίας,
1084 2030 1157 2103 id
1195 2037 1301 2103 est
1358 2029 1671 2105 ferendae
1721 2054 1956 2105 aureae
1996 2053 2279 2105 coronae
2323 2028 2452 2127 (3).
2484 2029 2690 2117 Quod
2745 2030 3034 2126 quidem

802 2146 1000 2243 parvi
1039 2146 1386 2220 momenti
1430 2146 1716 2220 videtur
1757 2151 1829 2219 et
1865 2146 2113 2243 gloriae
2149 2147 2390 2243 potius
2423 2146 2779 2220 artificum
2819 2168 3033 2242 quam

806 2263 1125 2336 utilitatis
1154 2264 1376 2360 gratia
1402 2286 1848 2338 concessum.
1906 2264 2046 2338 Sed
2081 2286 2248 2338 cum
2276 2264 2388 2336 his
2419 2263 2816 2360 insignibus
2854 2285 3034 2336 con—

798 2381 1000 2477 jungi
1042 2379 1182 2453 alia
1210 2380 1503 2454 maximi
1533 2380 1741 2477 pretii
1773 2379 1977 2455 docet
2001 2381 2542 2455 Demosthenes,
2575 2384 2813 2466 Quum
2843 2380 3030 2453 enirn

802 2496 1102 2570 Athenis
1148 2520 1381 2593 poenae
1434 2495 1861 2570 delictorum
1915 2496 2314 2571 secundum
2364 2521 2700 2594 personas
2736 2502 2806 2570 et
2852 2504 3031 2571 tem-

802 2633 976 2707 pora
1008 2611 1379 2703 variarent,
1412 2614 1468 2685 si
1509 2613 1671 2709 quis
1704 2614 1916 2687 verbo
1951 2620 2074 2687 aut
2106 2612 2288 2688 facto
2327 2614 2678 2711 privatum
2704 2613 3033 2687 violavis-

806 2734 937 2816 set,
977 2729 1310 2804 adversus
1344 2752 1515 2803 eum
1551 2730 1652 2803 vis
1695 2735 1819 2804 aut
1857 2729 2373 2805 maledicentiae
2412 2731 2594 2805 actio
2635 2728 3026 2818 serebatur3

803 2868 1017 2940 super
1058 2844 1295 2920 solitas
1329 2869 1602 2942 poenaS,
1647 2845 2091 2942 irrogabatur
2135 2847 2529 2944 indiqm‘tas,
2575 2851 2833 2944 ἀτιμία,
2873 2870 3034 2945 quae

802 2962 935 3034 civi
965 2963 1375 3059 gravissima
1401 2986 1614 3058 poena
1656 2963 1818 3052 fuit,
1865 2964 1922 3035 si
1959 2964 2117 3059 quis
2153 2963 2555 3037 violavisset
2598 2965 3034 3038 thesmothe—

801 3085 972 3170 tam,
1042 3078 1459 3153 archontem
1516 3085 1638 3152 aut
1692 3079 2104 3176 quempiam
2166 3102 2414 3154 eorum
2474 3079 2761 3176 quibus·
2788 3079 3032 3154 civitas

803 3194 1335 3268 immunitatem
1380 3192 1695 3290 aliquam
1735 3201 1859 3268 aut
1878 3196 1998 3292 jus
2025 3187 2331 3292 fer‘endoe
2366 3219 2628 3268 coronae
2659 3201 2780 3269 aut
2814 3194 3029 3268 alium

801 3310 1150 3386 honorem
1193 3311 1554 3385 tribuisset
1607 3312 1720 3398 (In
1749 3312 2078 3403 Midicca,
2113 3311 2385 3411 31-33).
2423 3315 2568 3386 Hoc
2607 3311 2825 3409 igitur
2852 3334 3030 3387 novo

799 3427 1387 3523 Amphictionum
1418 3429 1702 3502 decreto
1727 3429 1990 3503 scenici
2025 3452 2173 3502 non
2207 3431 2495 3504 inanem
2535 3429 2834 3504 honoris
2863 3452 3030 3524 spe-

797 3546 981 3618 ciem
1010 3546 1246 3643 adepti
1281 3553 1477 3634 sunt,
1514 3546 1635 3620 sed
1666 3546 1787 3643 jus
1828 3554 2103 3620 certum
2157 3571 2408 3644 quum,
2455 3549 2772 3644 graviore
2820 3569 3028 3643 poena

794 3663 951 3758 ejus
978 3663 1103 3758 qui
1126 3663 1469 3758 injuriam
1507 3661 1890 3751 intulisset,
1931 3663 2117 3738 facto
2155 3671 2280 3738 aut
2315 3663 2532 3738 verbo
2566 3663 3017 3738 violarentur.

894 3777 1052 3851 Non
1092 3779 1329 3852 minor
1373 3779 1507 3852 fuit
1551 3781 1915 3853 civitatum
1957 3805 2122 3877 erga
2157 3781 2475 3855 scenicos
2501 3779 3016 3854 benevolentia.

802 3895 1175 3978 Quomodo
1212 3894 1589 3992 populum,
1626 3905 1950 3969 senatum
1982 3899 2576 3994 magistratusque
2606 3921 2733 3994 per
2767 3897 3028 3992 legatos

802 4034 969 4083 suos
1018 4011 1359 4102 adierint,
1424 4035 1639 4109 quam
1690 4013 2005 4088 studiose
2059 4022 2347 4111 accepta
2393 4038 2642 4089 eorum
2696 4013 3026 4088 mandata

874 4313 962 4396 (t)
1003 4316 1265 4376 Decreta
1292 4315 1831 4394 Amphictionum‚
1868 4316 1912 4377 1.
1943 4319 2158 4379 34-37.

874 4409 956 4488 (2)
1002 4407 1227 4488 Corpus
1255 4409 1429 4472 inser.
1461 4429 1582 4489 qr„
1617 4413 1793 4473 1689.
1820 4444 1899 4458 —
1919 4415 2004 4473 Le
2030 4414 2171 4487 Bas,
2201 4411 2465 4494 Attique,
2502 4414 2779 4476 376-379.

874 4501 957 4582 (3)
1000 4503 1085 4563 Le
1115 4504 1254 4580 Bas,
1286 4503 1551 4584 Actaque,
1580 4507 1721 4578 377,
1754 4504 1798 4566 1.
1831 4511 1890 4566 7.
