<?xml version="1.0" encoding="UTF-8"?>
<!DOCTYPE html PUBLIC "-//W3C//DTD XHTML 1.0 Transitional//EN"
    "http://www.w3.org/TR/xhtml1/DTD/xhtml1-transitional.dtd">
<html xmlns="http://www.w3.org/1999/xhtml" xml:lang="en" lang="en">
 <head>
  <title>
</title>
<meta http-equiv="Content-Type" content="text/html;charset=utf-8" />
  <meta name='ocr-system' content='tesseract 3.04.00' />
  <meta name='ocr-capabilities' content='ocr_page ocr_carea ocr_par ocr_line ocrx_word'/>
</head>
<body>
  <div class='ocr_page' id='page_1' title='image "./decollegiisscen02foucgoog_0045.png"; bbox 0 0 3392 5500; ppageno 0'>
   <div class='ocr_carea' id='block_1_1' title="bbox 1229 468 1550 530">
    <p class='ocr_par' dir='ltr' id='par_1_1' title="bbox 1229 468 1550 530">
     <span class='ocr_line' id='line_1_1' title="bbox 1229 468 1550 530; baseline -0.003 -16"><span class='ocrx_word' id='word_1_1' title='bbox 1229 468 1550 530; x_wconf 76' lang='lat'><strong>—29—</strong></span> 
     </span>
    </p>
   </div>
   <div class='ocr_carea' id='block_1_2' title="bbox 260 598 2513 3959">
    <p class='ocr_par' dir='ltr' id='par_1_2' title="bbox 261 598 2513 1511">
     <span class='ocr_line' id='line_1_2' title="bbox 267 598 2503 700; baseline -0 -27"><span class='ocrx_word' id='word_1_2' title='bbox 267 600 654 698; x_wconf 83' lang='lat' dir='ltr'>collegium</span> <span class='ocrx_word' id='word_1_3' title='bbox 708 624 880 674; x_wconf 91' lang='lat' dir='ltr'>suus</span> <span class='ocrx_word' id='word_1_4' title='bbox 931 606 1113 675; x_wconf 87' lang='lat' dir='ltr'>esset</span> <span class='ocrx_word' id='word_1_5' title='bbox 1157 599 1431 697; x_wconf 89' lang='lat' dir='ltr'>legatus</span> <span class='ocrx_word' id='word_1_6' title='bbox 1461 601 1593 700; x_wconf 90' lang='lat'>(1).</span> <span class='ocrx_word' id='word_1_7' title='bbox 1641 604 1745 673; x_wconf 90' lang='lat' dir='ltr'>De</span> <span class='ocrx_word' id='word_1_8' title='bbox 1784 598 2065 675; x_wconf 89' lang='lat' dir='ltr'>duabus</span> <span class='ocrx_word' id='word_1_9' title='bbox 2106 601 2503 674; x_wconf 90' lang='lat' dir='ltr'>Atticorum</span> 
     </span>
     <span class='ocr_line' id='line_1_3' title="bbox 265 715 2503 814; baseline 0 -25"><span class='ocrx_word' id='word_1_10' title='bbox 265 718 719 791; x_wconf 89' lang='lat' dir='ltr'>scenicorum</span> <span class='ocrx_word' id='word_1_11' title='bbox 754 717 846 790; x_wconf 90' lang='lat' dir='ltr'>ad</span> <span class='ocrx_word' id='word_1_12' title='bbox 875 717 1422 814; x_wconf 87' lang='lat' dir='ltr'>Amphictiones</span> <span class='ocrx_word' id='word_1_13' title='bbox 1450 715 1957 814; x_wconf 85' lang='lat' dir='ltr'>legationibus,</span> <span class='ocrx_word' id='word_1_14' title='bbox 1995 715 2171 814; x_wconf 88' lang='lat' dir='ltr'>quid</span> <span class='ocrx_word' id='word_1_15' title='bbox 2208 718 2503 814; x_wconf 81' lang='lat' dir='ltr'>egerint,</span> 
     </span>
     <span class='ocr_line' id='line_1_4' title="bbox 265 832 2513 931; baseline 0 -26"><span class='ocrx_word' id='word_1_16' title='bbox 265 833 494 908; x_wconf 91' lang='lat' dir='ltr'>serius</span> <span class='ocrx_word' id='word_1_17' title='bbox 526 833 1019 931; x_wconf 82' lang='lat' dir='ltr'>inquiremus3</span> <span class='ocrx_word' id='word_1_18' title='bbox 1066 856 1262 907; x_wconf 92' lang='lat' dir='ltr'>nunc</span> <span class='ocrx_word' id='word_1_19' title='bbox 1309 832 1556 931; x_wconf 89' lang='lat' dir='ltr'>quales</span> <span class='ocrx_word' id='word_1_20' title='bbox 1593 833 1860 907; x_wconf 89' lang='lat' dir='ltr'>fuerint</span> <span class='ocrx_word' id='word_1_21' title='bbox 1899 833 2065 906; x_wconf 88' lang='lat' dir='ltr'>satis</span> <span class='ocrx_word' id='word_1_22' title='bbox 2098 835 2232 908; x_wconf 91' lang='lat' dir='ltr'>erit</span> <span class='ocrx_word' id='word_1_23' title='bbox 2274 840 2513 908; x_wconf 88' lang='lat' dir='ltr'>osten-</span> 
     </span>
     <span class='ocr_line' id='line_1_5' title="bbox 261 948 2511 1047; baseline 0 -25"><span class='ocrx_word' id='word_1_24' title='bbox 261 950 460 1024; x_wconf 88' lang='lat' dir='ltr'>dere.</span> <span class='ocrx_word' id='word_1_25' title='bbox 493 953 652 1024; x_wconf 90' lang='lat' dir='ltr'>Una</span> <span class='ocrx_word' id='word_1_26' title='bbox 694 948 925 1023; x_wconf 85' lang='lat' dir='ltr'>functi</span> <span class='ocrx_word' id='word_1_27' title='bbox 955 954 1122 1022; x_wconf 89' lang='lat' dir='ltr'>sunt</span> <span class='ocrx_word' id='word_1_28' title='bbox 1149 950 1657 1046; x_wconf 86' lang='lat' dir='ltr'>tragoediarum</span> <span class='ocrx_word' id='word_1_29' title='bbox 1696 955 1906 1046; x_wconf 89' lang='lat' dir='ltr'>poeta</span> <span class='ocrx_word' id='word_1_30' title='bbox 1944 955 2016 1022; x_wconf 91' lang='lat' dir='ltr'>et</span> <span class='ocrx_word' id='word_1_31' title='bbox 2050 950 2360 1047; x_wconf 86' lang='lat' dir='ltr'>tragicus</span> <span class='ocrx_word' id='word_1_32' title='bbox 2397 973 2511 1023; x_wconf 92' lang='lat' dir='ltr'>ac-</span> 
     </span>
     <span class='ocr_line' id='line_1_6' title="bbox 262 1063 2508 1162; baseline -0 -23"><span class='ocrx_word' id='word_1_33' title='bbox 262 1071 378 1140; x_wconf 93' lang='lat' dir='ltr'>tor</span> <span class='ocrx_word' id='word_1_34' title='bbox 392 1092 418 1155; x_wconf 73' lang='lat'><em>3</em></span> <span class='ocrx_word' id='word_1_35' title='bbox 476 1064 725 1151; x_wconf 88' lang='lat' dir='ltr'>altera,</span> <span class='ocrx_word' id='word_1_36' title='bbox 791 1089 980 1138; x_wconf 90' lang='lat' dir='ltr'>unus</span> <span class='ocrx_word' id='word_1_37' title='bbox 1032 1063 1537 1161; x_wconf 88' lang='lat' dir='ltr'>tragoediarum</span> <span class='ocrx_word' id='word_1_38' title='bbox 1596 1071 1849 1162; x_wconf 86' lang='lat' dir='ltr'>poeta,</span> <span class='ocrx_word' id='word_1_39' title='bbox 1900 1073 2209 1162; x_wconf 89' lang='lat' dir='ltr'>quatuor</span> <span class='ocrx_word' id='word_1_40' title='bbox 2261 1067 2508 1162; x_wconf 82' lang='lat' dir='ltr'>tragici</span> 
     </span>
     <span class='ocr_line' id='line_1_7' title="bbox 264 1179 2511 1279; baseline 0 -25"><span class='ocrx_word' id='word_1_41' title='bbox 264 1181 798 1279; x_wconf 76' lang='lat' dir='ltr'>hypodidascali</span> <span class='ocrx_word' id='word_1_42' title='bbox 819 1208 837 1271; x_wconf 92' lang='lat'>;</span> <span class='ocrx_word' id='word_1_43' title='bbox 870 1179 1064 1256; x_wconf 91' lang='lat' dir='ltr'>unde</span> <span class='ocrx_word' id='word_1_44' title='bbox 1086 1181 1167 1254; x_wconf 89' lang='lat' dir='ltr'>fit</span> <span class='ocrx_word' id='word_1_45' title='bbox 1186 1181 1570 1255; x_wconf 86' lang='lat' dir='ltr'>verisimile</span> <span class='ocrx_word' id='word_1_46' title='bbox 1595 1182 1671 1254; x_wconf 90' lang='lat' dir='ltr'>in</span> <span class='ocrx_word' id='word_1_47' title='bbox 1693 1180 1929 1255; x_wconf 85' lang='lat' dir='ltr'>Attico</span> <span class='ocrx_word' id='word_1_48' title='bbox 1959 1180 2259 1279; x_wconf 91' lang='lat' dir='ltr'>collegio</span> <span class='ocrx_word' id='word_1_49' title='bbox 2295 1183 2511 1255; x_wconf 90' lang='lat' dir='ltr'>mini-</span> 
     </span>
     <span class='ocr_line' id='line_1_8' title="bbox 266 1295 2503 1393; baseline 0 -23"><span class='ocrx_word' id='word_1_50' title='bbox 266 1321 464 1372; x_wconf 88' lang='lat' dir='ltr'>mam</span> <span class='ocrx_word' id='word_1_51' title='bbox 503 1297 718 1372; x_wconf 84' lang='lat' dir='ltr'>fuisse</span> <span class='ocrx_word' id='word_1_52' title='bbox 759 1298 1202 1371; x_wconf 87' lang='lat' dir='ltr'>musicorum</span> <span class='ocrx_word' id='word_1_53' title='bbox 1240 1297 1773 1387; x_wconf 88' lang='lat' dir='ltr'>auctoritatem,</span> <span class='ocrx_word' id='word_1_54' title='bbox 1826 1295 2226 1393; x_wconf 91' lang='lat' dir='ltr'>plurimum</span> <span class='ocrx_word' id='word_1_55' title='bbox 2263 1304 2503 1372; x_wconf 90' lang='lat' dir='ltr'>autem</span> 
     </span>
     <span class='ocr_line' id='line_1_9' title="bbox 265 1410 2118 1511; baseline 0.001 -25"><span class='ocrx_word' id='word_1_56' title='bbox 265 1414 571 1488; x_wconf 78' lang='lat' dir='ltr'>valuisse</span> <span class='ocrx_word' id='word_1_57' title='bbox 596 1414 720 1511; x_wconf 91' lang='lat' dir='ltr'>qui</span> <span class='ocrx_word' id='word_1_58' title='bbox 751 1411 1016 1487; x_wconf 90' lang='lat' dir='ltr'>fabulis</span> <span class='ocrx_word' id='word_1_59' title='bbox 1042 1411 1332 1511; x_wconf 81' lang='lat' dir='ltr'>agendis</span> <span class='ocrx_word' id='word_1_60' title='bbox 1366 1435 1658 1509; x_wconf 87' lang='lat' dir='ltr'>operam</span> <span class='ocrx_word' id='word_1_61' title='bbox 1689 1410 1952 1486; x_wconf 89' lang='lat' dir='ltr'>dabant</span> <span class='ocrx_word' id='word_1_62' title='bbox 1996 1418 2118 1502; x_wconf 80' lang='lat'>(2).</span> 
     </span>
    </p>

    <p class='ocr_par' dir='ltr' id='par_1_3' title="bbox 260 1529 2509 2211">
     <span class='ocr_line' id='line_1_10' title="bbox 365 1529 2506 1628; baseline 0 -25"><span class='ocrx_word' id='word_1_63' title='bbox 365 1530 725 1606; x_wconf 89' lang='lat' dir='ltr'>Illustrata</span> <span class='ocrx_word' id='word_1_64' title='bbox 786 1529 1254 1627; x_wconf 91' lang='lat' dir='ltr'>collegiorum</span> <span class='ocrx_word' id='word_1_65' title='bbox 1310 1531 1759 1604; x_wconf 89' lang='lat' dir='ltr'>scenicorum</span> <span class='ocrx_word' id='word_1_66' title='bbox 1821 1530 2140 1620; x_wconf 89' lang='lat' dir='ltr'>ratione,</span> <span class='ocrx_word' id='word_1_67' title='bbox 2200 1553 2313 1605; x_wconf 92' lang='lat' dir='ltr'>res</span> <span class='ocrx_word' id='word_1_68' title='bbox 2356 1531 2506 1628; x_wconf 89' lang='lat' dir='ltr'>ipsa</span> 
     </span>
     <span class='ocr_line' id='line_1_11' title="bbox 265 1645 2506 1744; baseline -0.002 -22"><span class='ocrx_word' id='word_1_69' title='bbox 265 1647 609 1723; x_wconf 89' lang='lat' dir='ltr'>admonet</span> <span class='ocrx_word' id='word_1_70' title='bbox 649 1654 724 1720; x_wconf 91' lang='lat' dir='ltr'>ut</span> <span class='ocrx_word' id='word_1_71' title='bbox 765 1671 848 1721; x_wconf 92' lang='lat' dir='ltr'>ea</span> <span class='ocrx_word' id='word_1_72' title='bbox 894 1670 1064 1720; x_wconf 92' lang='lat' dir='ltr'>cum</span> <span class='ocrx_word' id='word_1_73' title='bbox 1110 1647 1356 1720; x_wconf 89' lang='lat' dir='ltr'>thiasis</span> <span class='ocrx_word' id='word_1_74' title='bbox 1399 1657 1467 1720; x_wconf 91' lang='lat' dir='ltr'>et</span> <span class='ocrx_word' id='word_1_75' title='bbox 1515 1647 1767 1721; x_wconf 91' lang='lat' dir='ltr'>ceteris</span> <span class='ocrx_word' id='word_1_76' title='bbox 1812 1646 1886 1720; x_wconf 90' lang='lat' dir='ltr'>id</span> <span class='ocrx_word' id='word_1_77' title='bbox 1932 1669 2157 1743; x_wconf 91' lang='lat' dir='ltr'>genus</span> <span class='ocrx_word' id='word_1_78' title='bbox 2187 1645 2506 1744; x_wconf 81' lang='lat' dir='ltr'>collegiis</span> 
     </span>
     <span class='ocr_line' id='line_1_12' title="bbox 265 1761 2502 1860; baseline -0.001 -23"><span class='ocrx_word' id='word_1_79' title='bbox 265 1762 662 1854; x_wconf 90' lang='lat' dir='ltr'>conferam,</span> <span class='ocrx_word' id='word_1_80' title='bbox 715 1762 978 1860; x_wconf 89' lang='lat' dir='ltr'>quibus</span> <span class='ocrx_word' id='word_1_81' title='bbox 1028 1763 1239 1858; x_wconf 86' lang='lat' dir='ltr'>vulgo</span> <span class='ocrx_word' id='word_1_82' title='bbox 1296 1762 1561 1836; x_wconf 87' lang='lat' dir='ltr'>scenici</span> <span class='ocrx_word' id='word_1_83' title='bbox 1620 1761 1929 1838; x_wconf 91' lang='lat' dir='ltr'>artifices</span> <span class='ocrx_word' id='word_1_84' title='bbox 1976 1761 2502 1836; x_wconf 88' lang='lat' dir='ltr'>adscribuntur.</span> 
     </span>
     <span class='ocr_line' id='line_1_13' title="bbox 263 1878 2503 1976; baseline -0.001 -22"><span class='ocrx_word' id='word_1_85' title='bbox 263 1878 636 1955; x_wconf 89' lang='lat' dir='ltr'>Nonnulla</span> <span class='ocrx_word' id='word_1_86' title='bbox 669 1880 864 1953; x_wconf 90' lang='lat' dir='ltr'>enim</span> <span class='ocrx_word' id='word_1_87' title='bbox 902 1878 978 1950; x_wconf 92' lang='lat' dir='ltr'>in</span> <span class='ocrx_word' id='word_1_88' title='bbox 1009 1878 1330 1975; x_wconf 89' lang='lat' dir='ltr'>utrisque</span> <span class='ocrx_word' id='word_1_89' title='bbox 1363 1884 1797 1976; x_wconf 88' lang='lat' dir='ltr'>congruunt,</span> <span class='ocrx_word' id='word_1_90' title='bbox 1834 1878 1955 1954; x_wconf 89' lang='lat' dir='ltr'>sed</span> <span class='ocrx_word' id='word_1_91' title='bbox 1997 1878 2224 1953; x_wconf 91' lang='lat' dir='ltr'>multo</span> <span class='ocrx_word' id='word_1_92' title='bbox 2268 1879 2503 1976; x_wconf 89' lang='lat' dir='ltr'>plura,</span> 
     </span>
     <span class='ocr_line' id='line_1_14' title="bbox 263 1994 2509 2096; baseline -0.001 -23"><span class='ocrx_word' id='word_1_93' title='bbox 263 2006 338 2073; x_wconf 87' lang='lat' dir='ltr'>et</span> <span class='ocrx_word' id='word_1_94' title='bbox 365 2022 452 2072; x_wconf 93' lang='lat' dir='ltr'>ea</span> <span class='ocrx_word' id='word_1_95' title='bbox 478 1998 766 2096; x_wconf 89' lang='lat' dir='ltr'>quidem</span> <span class='ocrx_word' id='word_1_96' title='bbox 804 1996 1094 2094; x_wconf 92' lang='lat' dir='ltr'>maj0ris</span> <span class='ocrx_word' id='word_1_97' title='bbox 1131 1996 1502 2085; x_wconf 88' lang='lat' dir='ltr'>momenti,</span> <span class='ocrx_word' id='word_1_98' title='bbox 1535 1994 1969 2092; x_wconf 89' lang='lat' dir='ltr'>discrepant,</span> <span class='ocrx_word' id='word_1_99' title='bbox 2004 2020 2166 2092; x_wconf 87' lang='lat' dir='ltr'>quae</span> <span class='ocrx_word' id='word_1_100' title='bbox 2206 2019 2509 2070; x_wconf 90' lang='lat' dir='ltr'>accura-</span> 
     </span>
     <span class='ocr_line' id='line_1_15' title="bbox 260 2112 1097 2211; baseline -0.001 -25"><span class='ocrx_word' id='word_1_101' title='bbox 260 2112 410 2187; x_wconf 88' lang='lat' dir='ltr'>tius</span> <span class='ocrx_word' id='word_1_102' title='bbox 435 2114 766 2210; x_wconf 88' lang='lat' dir='ltr'>persequi</span> <span class='ocrx_word' id='word_1_103' title='bbox 795 2118 1097 2211; x_wconf 87' lang='lat' dir='ltr'>oportet.</span> 
     </span>
    </p>

    <p class='ocr_par' dir='ltr' id='par_1_4' title="bbox 261 2227 2513 3726">
     <span class='ocr_line' id='line_1_16' title="bbox 364 2227 2505 2327; baseline 0.001 -25"><span class='ocrx_word' id='word_1_104' title='bbox 364 2230 603 2304; x_wconf 90' lang='lat' dir='ltr'>Thiasi</span> <span class='ocrx_word' id='word_1_105' title='bbox 651 2230 974 2303; x_wconf 90' lang='lat' dir='ltr'>numinis</span> <span class='ocrx_word' id='word_1_106' title='bbox 1021 2227 1394 2327; x_wconf 87' lang='lat' dir='ltr'>cujusdam</span> <span class='ocrx_word' id='word_1_107' title='bbox 1443 2229 1925 2326; x_wconf 87' lang='lat' dir='ltr'>patrocinium</span> <span class='ocrx_word' id='word_1_108' title='bbox 1980 2235 2049 2304; x_wconf 92' lang='lat' dir='ltr'>et</span> <span class='ocrx_word' id='word_1_109' title='bbox 2106 2252 2505 2326; x_wconf 89' lang='lat' dir='ltr'>cognomen</span> 
     </span>
     <span class='ocr_line' id='line_1_17' title="bbox 264 2345 2506 2444; baseline -0 -23"><span class='ocrx_word' id='word_1_110' title='bbox 264 2354 666 2436; x_wconf 89' lang='lat' dir='ltr'>assumunt,</span> <span class='ocrx_word' id='word_1_111' title='bbox 712 2353 790 2420; x_wconf 89' lang='lat' dir='ltr'>ut</span> <span class='ocrx_word' id='word_1_112' title='bbox 825 2347 1264 2444; x_wconf 85' lang='lat' dir='ltr'>Serapiastae,</span> <span class='ocrx_word' id='word_1_113' title='bbox 1302 2345 1678 2436; x_wconf 82' lang='lat' dir='ltr'>Paniastae,</span> <span class='ocrx_word' id='word_1_114' title='bbox 1713 2354 1849 2422; x_wconf 92' lang='lat' dir='ltr'>etc.</span> <span class='ocrx_word' id='word_1_115' title='bbox 1912 2351 2071 2422; x_wconf 91' lang='lat' dir='ltr'>Non</span> <span class='ocrx_word' id='word_1_116' title='bbox 2106 2349 2353 2444; x_wconf 81' lang='lat' dir='ltr'>patriae</span> <span class='ocrx_word' id='word_1_117' title='bbox 2383 2347 2506 2422; x_wconf 90' lang='lat' dir='ltr'>sed</span> 
     </span>
     <span class='ocr_line' id='line_1_18' title="bbox 263 2462 2508 2561; baseline 0 -23"><span class='ocrx_word' id='word_1_118' title='bbox 263 2462 507 2538; x_wconf 92' lang='lat' dir='ltr'>cultus</span> <span class='ocrx_word' id='word_1_119' title='bbox 535 2464 1045 2537; x_wconf 89' lang='lat' dir='ltr'>communione</span> <span class='ocrx_word' id='word_1_120' title='bbox 1079 2463 1386 2536; x_wconf 83' lang='lat' dir='ltr'>maxime</span> <span class='ocrx_word' id='word_1_121' title='bbox 1424 2471 1971 2561; x_wconf 89' lang='lat' dir='ltr'>congregantur.</span> <span class='ocrx_word' id='word_1_122' title='bbox 2009 2464 2380 2553; x_wconf 85' lang='lat' dir='ltr'>Praeterea,</span> <span class='ocrx_word' id='word_1_123' title='bbox 2427 2471 2508 2538; x_wconf 94' lang='lat' dir='ltr'>ut</span> 
     </span>
     <span class='ocr_line' id='line_1_19' title="bbox 265 2578 2508 2678; baseline 0.001 -24"><span class='ocrx_word' id='word_1_124' title='bbox 265 2582 345 2654; x_wconf 91' lang='lat' dir='ltr'>in</span> <span class='ocrx_word' id='word_1_125' title='bbox 383 2581 682 2655; x_wconf 87' lang='lat' dir='ltr'>scenicis</span> <span class='ocrx_word' id='word_1_126' title='bbox 708 2578 1051 2676; x_wconf 81' lang='lat' dir='ltr'>collegiiS,</span> <span class='ocrx_word' id='word_1_127' title='bbox 1086 2579 1183 2653; x_wconf 86' lang='lat' dir='ltr'>ita</span> <span class='ocrx_word' id='word_1_128' title='bbox 1211 2579 1286 2651; x_wconf 90' lang='lat' dir='ltr'>in</span> <span class='ocrx_word' id='word_1_129' title='bbox 1329 2579 1602 2666; x_wconf 87' lang='lat' dir='ltr'>thiasis,</span> <span class='ocrx_word' id='word_1_130' title='bbox 1647 2603 1761 2654; x_wconf 91' lang='lat' dir='ltr'>res</span> <span class='ocrx_word' id='word_1_131' title='bbox 1800 2604 1928 2678; x_wconf 90' lang='lat' dir='ltr'>per</span> <span class='ocrx_word' id='word_1_132' title='bbox 1957 2580 2407 2676; x_wconf 88' lang='lat' dir='ltr'>magistratus</span> <span class='ocrx_word' id='word_1_133' title='bbox 2434 2587 2508 2657; x_wconf 84' lang='lat' dir='ltr'>et</span> 
     </span>
     <span class='ocr_line' id='line_1_20' title="bbox 267 2693 2513 2794; baseline 0 -23"><span class='ocrx_word' id='word_1_134' title='bbox 267 2698 671 2773; x_wconf 85' lang='lat' dir='ltr'>sacerdotes</span> <span class='ocrx_word' id='word_1_135' title='bbox 725 2717 1003 2771; x_wconf 88' lang='lat' dir='ltr'>annuos</span> <span class='ocrx_word' id='word_1_136' title='bbox 1051 2693 1665 2786; x_wconf 81' lang='lat' dir='ltr'>administrantur,</span> <span class='ocrx_word' id='word_1_137' title='bbox 1716 2704 1868 2770; x_wconf 85' lang='lat' dir='ltr'>tum</span> <span class='ocrx_word' id='word_1_138' title='bbox 1898 2718 2180 2771; x_wconf 89' lang='lat' dir='ltr'>summa</span> <span class='ocrx_word' id='word_1_139' title='bbox 2208 2704 2513 2794; x_wconf 89' lang='lat' dir='ltr'>potestas</span> 
     </span>
     <span class='ocr_line' id='line_1_21' title="bbox 264 2811 2511 2910; baseline 0 -23"><span class='ocrx_word' id='word_1_140' title='bbox 264 2813 634 2889; x_wconf 90' lang='lat' dir='ltr'>concionis</span> <span class='ocrx_word' id='word_1_141' title='bbox 669 2819 775 2887; x_wconf 88' lang='lat' dir='ltr'>est</span> <span class='ocrx_word' id='word_1_142' title='bbox 832 2814 905 2885; x_wconf 92' lang='lat' dir='ltr'>in</span> <span class='ocrx_word' id='word_1_143' title='bbox 949 2835 1092 2910; x_wconf 90' lang='lat' dir='ltr'>qua</span> <span class='ocrx_word' id='word_1_144' title='bbox 1129 2811 1536 2909; x_wconf 89' lang='lat' dir='ltr'>congregati</span> <span class='ocrx_word' id='word_1_145' title='bbox 1575 2811 1853 2886; x_wconf 88' lang='lat' dir='ltr'>sodales</span> <span class='ocrx_word' id='word_1_146' title='bbox 1893 2813 2204 2887; x_wconf 87' lang='lat' dir='ltr'>universi</span> <span class='ocrx_word' id='word_1_147' title='bbox 2245 2813 2511 2887; x_wconf 87' lang='lat' dir='ltr'>suffra-</span> 
     </span>
     <span class='ocr_line' id='line_1_22' title="bbox 264 2925 2507 3027; baseline 0 -24"><span class='ocrx_word' id='word_1_148' title='bbox 264 2930 463 3027; x_wconf 91' lang='lat' dir='ltr'>gium</span> <span class='ocrx_word' id='word_1_149' title='bbox 499 2927 588 3004; x_wconf 88' lang='lat' dir='ltr'>de</span> <span class='ocrx_word' id='word_1_150' title='bbox 618 2929 956 3004; x_wconf 90' lang='lat' dir='ltr'>omnibus</span> <span class='ocrx_word' id='word_1_151' title='bbox 997 2927 1264 3017; x_wconf 91' lang='lat' dir='ltr'>ferunt,</span> <span class='ocrx_word' id='word_1_152' title='bbox 1301 2925 1390 3001; x_wconf 89' lang='lat' dir='ltr'>de</span> <span class='ocrx_word' id='word_1_153' title='bbox 1441 2928 1966 3025; x_wconf 89' lang='lat' dir='ltr'>magistratibus</span> <span class='ocrx_word' id='word_1_154' title='bbox 2005 2927 2379 3025; x_wconf 87' lang='lat' dir='ltr'>eligendis,</span> <span class='ocrx_word' id='word_1_155' title='bbox 2418 2928 2507 3005; x_wconf 90' lang='lat' dir='ltr'>de</span> 
     </span>
     <span class='ocr_line' id='line_1_23' title="bbox 263 3043 2505 3144; baseline 0 -25"><span class='ocrx_word' id='word_1_156' title='bbox 263 3045 700 3144; x_wconf 89' lang='lat' dir='ltr'>accipiendis</span> <span class='ocrx_word' id='word_1_157' title='bbox 729 3043 1158 3137; x_wconf 78' lang='lat' dir='ltr'>rationibUS,</span> <span class='ocrx_word' id='word_1_158' title='bbox 1205 3045 1292 3118; x_wconf 89' lang='lat' dir='ltr'>de</span> <span class='ocrx_word' id='word_1_159' title='bbox 1335 3043 1624 3118; x_wconf 89' lang='lat' dir='ltr'>mulctis</span> <span class='ocrx_word' id='word_1_160' title='bbox 1660 3053 1731 3119; x_wconf 92' lang='lat' dir='ltr'>et</span> <span class='ocrx_word' id='word_1_161' title='bbox 1763 3046 2037 3134; x_wconf 82' lang='lat' dir='ltr'>ceteriS‚</span> <span class='ocrx_word' id='word_1_162' title='bbox 2083 3069 2245 3143; x_wconf 84' lang='lat' dir='ltr'>quae</span> <span class='ocrx_word' id='word_1_163' title='bbox 2285 3070 2505 3144; x_wconf 92' lang='lat' dir='ltr'>penes</span> 
     </span>
     <span class='ocr_line' id='line_1_24' title="bbox 264 3158 2506 3265; baseline -0.003 -23"><span class='ocrx_word' id='word_1_164' title='bbox 264 3164 615 3265; x_wconf 91' lang='lat' dir='ltr'>populum</span> <span class='ocrx_word' id='word_1_165' title='bbox 644 3162 1090 3239; x_wconf 90' lang='lat' dir='ltr'>scenicorum</span> <span class='ocrx_word' id='word_1_166' title='bbox 1132 3160 1348 3235; x_wconf 89' lang='lat' dir='ltr'>fuisse</span> <span class='ocrx_word' id='word_1_167' title='bbox 1389 3158 1605 3235; x_wconf 91' lang='lat' dir='ltr'>modo</span> <span class='ocrx_word' id='word_1_168' title='bbox 1640 3160 1974 3235; x_wconf 79' lang='lat' dir='ltr'>vidimus,</span> <span class='ocrx_word' id='word_1_169' title='bbox 2013 3160 2202 3234; x_wconf 89' lang='lat' dir='ltr'>Sunt</span> <span class='ocrx_word' id='word_1_170' title='bbox 2230 3173 2298 3236; x_wconf 85' lang='lat' dir='ltr'>et</span> <span class='ocrx_word' id='word_1_171' title='bbox 2329 3163 2506 3236; x_wconf 90' lang='lat' dir='ltr'>thia-</span> 
     </span>
     <span class='ocr_line' id='line_1_25' title="bbox 265 3276 2500 3377; baseline -0.003 -20"><span class='ocrx_word' id='word_1_172' title='bbox 265 3284 362 3357; x_wconf 93' lang='lat' dir='ltr'>sis</span> <span class='ocrx_word' id='word_1_173' title='bbox 389 3306 538 3355; x_wconf 85' lang='lat' dir='ltr'>suae</span> <span class='ocrx_word' id='word_1_174' title='bbox 564 3279 780 3377; x_wconf 81' lang='lat' dir='ltr'>legeS,</span> <span class='ocrx_word' id='word_1_175' title='bbox 803 3302 929 3352; x_wconf 91' lang='lat' dir='ltr'>sua</span> <span class='ocrx_word' id='word_1_176' title='bbox 948 3277 1240 3375; x_wconf 83' lang='lat' dir='ltr'>templa,</span> <span class='ocrx_word' id='word_1_177' title='bbox 1267 3277 1378 3350; x_wconf 91' lang='lat' dir='ltr'>sui</span> <span class='ocrx_word' id='word_1_178' title='bbox 1401 3276 1692 3367; x_wconf 81' lang='lat' dir='ltr'>redituS,</span> <span class='ocrx_word' id='word_1_179' title='bbox 1720 3299 2104 3351; x_wconf 90' lang='lat' dir='ltr'>commune</span> <span class='ocrx_word' id='word_1_180' title='bbox 2126 3278 2500 3368; x_wconf 82' lang='lat' dir='ltr'>aerarium3</span> 
     </span>
     <span class='ocr_line' id='line_1_26' title="bbox 264 3392 2505 3491; baseline -0.003 -18"><span class='ocrx_word' id='word_1_181' title='bbox 264 3398 490 3473; x_wconf 90' lang='lat' dir='ltr'>iidem</span> <span class='ocrx_word' id='word_1_182' title='bbox 527 3395 710 3470; x_wconf 90' lang='lat' dir='ltr'>bene</span> <span class='ocrx_word' id='word_1_183' title='bbox 761 3395 1031 3470; x_wconf 90' lang='lat' dir='ltr'>meritis</span> <span class='ocrx_word' id='word_1_184' title='bbox 1085 3393 1505 3467; x_wconf 89' lang='lat' dir='ltr'>tribuuntur</span> <span class='ocrx_word' id='word_1_185' title='bbox 1555 3392 1864 3468; x_wconf 87' lang='lat' dir='ltr'>honores</span> <span class='ocrx_word' id='word_1_186' title='bbox 1915 3392 2013 3467; x_wconf 91' lang='lat' dir='ltr'>ita</span> <span class='ocrx_word' id='word_1_187' title='bbox 2069 3400 2149 3467; x_wconf 93' lang='lat' dir='ltr'>ut</span> <span class='ocrx_word' id='word_1_188' title='bbox 2194 3394 2505 3491; x_wconf 90' lang='lat' dir='ltr'>speciem</span> 
     </span>
     <span class='ocr_line' id='line_1_27' title="bbox 261 3508 2508 3607; baseline -0.003 -19"><span class='ocrx_word' id='word_1_189' title='bbox 261 3513 575 3588; x_wconf 89' lang='lat' dir='ltr'>intuenti</span> <span class='ocrx_word' id='word_1_190' title='bbox 617 3511 894 3586; x_wconf 89' lang='lat' dir='ltr'>scenica</span> <span class='ocrx_word' id='word_1_191' title='bbox 936 3510 1233 3607; x_wconf 90' lang='lat' dir='ltr'>collegia</span> <span class='ocrx_word' id='word_1_192' title='bbox 1284 3508 1467 3581; x_wconf 91' lang='lat' dir='ltr'>nihil</span> <span class='ocrx_word' id='word_1_193' title='bbox 1517 3508 1717 3582; x_wconf 90' lang='lat' dir='ltr'>aliud</span> <span class='ocrx_word' id='word_1_194' title='bbox 1762 3532 1978 3606; x_wconf 87' lang='lat' dir='ltr'>quam</span> <span class='ocrx_word' id='word_1_195' title='bbox 2035 3510 2243 3583; x_wconf 89' lang='lat' dir='ltr'>thiasi</span> <span class='ocrx_word' id='word_1_196' title='bbox 2284 3534 2508 3607; x_wconf 91' lang='lat' dir='ltr'>genus</span> 
     </span>
     <span class='ocr_line' id='line_1_28' title="bbox 261 3628 1161 3726; baseline -0.004 -23"><span class='ocrx_word' id='word_1_197' title='bbox 261 3630 482 3705; x_wconf 90' lang='lat' dir='ltr'>fuisse</span> <span class='ocrx_word' id='word_1_198' title='bbox 520 3629 742 3703; x_wconf 81' lang='lat' dir='ltr'>videri</span> <span class='ocrx_word' id='word_1_199' title='bbox 771 3628 1161 3726; x_wconf 89' lang='lat' dir='ltr'>potuerint.</span> 
     </span>
    </p>

    <p class='ocr_par' dir='ltr' id='par_1_5' title="bbox 262 3741 2509 3959">
     <span class='ocr_line' id='line_1_29' title="bbox 362 3741 2508 3843; baseline -0.002 -21"><span class='ocrx_word' id='word_1_200' title='bbox 362 3748 436 3822; x_wconf 91' lang='lat' dir='ltr'>Si</span> <span class='ocrx_word' id='word_1_201' title='bbox 483 3746 642 3843; x_wconf 91' lang='lat' dir='ltr'>quis</span> <span class='ocrx_word' id='word_1_202' title='bbox 685 3769 851 3819; x_wconf 81' lang='lat' dir='ltr'>vero</span> <span class='ocrx_word' id='word_1_203' title='bbox 914 3744 1284 3841; x_wconf 87' lang='lat' dir='ltr'>inspiciat,</span> <span class='ocrx_word' id='word_1_204' title='bbox 1348 3741 1664 3839; x_wconf 81' lang='lat' dir='ltr'>profecto</span> <span class='ocrx_word' id='word_1_205' title='bbox 1723 3764 1941 3840; x_wconf 90' lang='lat' dir='ltr'>quam</span> <span class='ocrx_word' id='word_1_206' title='bbox 2003 3742 2359 3817; x_wconf 88' lang='lat' dir='ltr'>diversum</span> <span class='ocrx_word' id='word_1_207' title='bbox 2418 3745 2508 3817; x_wconf 90' lang='lat' dir='ltr'>sit</span> 
     </span>
     <span class='ocr_line' id='line_1_30' title="bbox 262 3860 2509 3959; baseline -0.002 -20"><span class='ocrx_word' id='word_1_208' title='bbox 262 3874 656 3959; x_wconf 82' lang='lat' dir='ltr'>utrumque</span> <span class='ocrx_word' id='word_1_209' title='bbox 683 3885 911 3959; x_wconf 89' lang='lat' dir='ltr'>genus</span> <span class='ocrx_word' id='word_1_210' title='bbox 953 3860 1326 3959; x_wconf 89' lang='lat' dir='ltr'>intelligat.</span> <span class='ocrx_word' id='word_1_211' title='bbox 1364 3860 1688 3933; x_wconf 89' lang='lat' dir='ltr'>Primum</span> <span class='ocrx_word' id='word_1_212' title='bbox 1729 3860 1925 3933; x_wconf 90' lang='lat' dir='ltr'>enim</span> <span class='ocrx_word' id='word_1_213' title='bbox 1964 3860 2040 3932; x_wconf 92' lang='lat' dir='ltr'>in</span> <span class='ocrx_word' id='word_1_214' title='bbox 2089 3860 2337 3935; x_wconf 89' lang='lat' dir='ltr'>thiasis</span> <span class='ocrx_word' id='word_1_215' title='bbox 2379 3886 2509 3959; x_wconf 88' lang='lat' dir='ltr'>par</span> 
     </span>
    </p>
   </div>
   <div class='ocr_carea' id='block_1_3' title="bbox 267 4180 2510 4547">
    <p class='ocr_par' dir='ltr' id='par_1_6' title="bbox 267 4180 2502 4359">
     <span class='ocr_line' id='line_1_31' title="bbox 347 4180 2502 4269; baseline 0 -20"><span class='ocrx_word' id='word_1_216' title='bbox 347 4187 432 4269; x_wconf 81' lang='lat'>(1)</span> <span class='ocrx_word' id='word_1_217' title='bbox 473 4188 560 4249; x_wconf 88' lang='lat' dir='ltr'>Le</span> <span class='ocrx_word' id='word_1_218' title='bbox 601 4184 720 4246; x_wconf 89' lang='lat' dir='ltr'>Bas</span> <span class='ocrx_word' id='word_1_219' title='bbox 756 4190 820 4246; x_wconf 87' lang='lat' dir='ltr'>et</span> <span class='ocrx_word' id='word_1_220' title='bbox 857 4183 1314 4263; x_wconf 81' lang='lat' dir='ltr'>Waddington,</span> <span class='ocrx_word' id='word_1_221' title='bbox 1363 4180 1553 4244; x_wconf 79' lang='lat' dir='ltr'>Inscr.</span> <span class='ocrx_word' id='word_1_222' title='bbox 1597 4180 2116 4262; x_wconf 77' lang='lat' dir='ltr'>d&#39;Asie-Mineure,</span> <span class='ocrx_word' id='word_1_223' title='bbox 2162 4188 2303 4263; x_wconf 67' lang='lat'>28⁴,</span> <span class='ocrx_word' id='word_1_224' title='bbox 2348 4188 2393 4250; x_wconf 92' lang='lat' dir='ltr'>l.</span> <span class='ocrx_word' id='word_1_225' title='bbox 2440 4192 2502 4265; x_wconf 82' lang='lat'>4,</span> 
     </span>
     <span class='ocr_line' id='line_1_32' title="bbox 267 4278 1485 4359; baseline -0.005 -14"><span class='ocrx_word' id='word_1_226' title='bbox 267 4285 468 4345; x_wconf 53' lang='lat'>2536.</span> <span class='ocrx_word' id='word_1_227' title='bbox 499 4280 707 4341; x_wconf 81' lang='lat' dir='ltr'>Verba</span> <span class='ocrx_word' id='word_1_228' title='bbox 725 4279 1082 4359; x_wconf 85' lang='lat' dir='ltr'>legatorum</span> <span class='ocrx_word' id='word_1_229' title='bbox 1108 4278 1252 4339; x_wconf 88' lang='lat' dir='ltr'>vide</span> <span class='ocrx_word' id='word_1_230' title='bbox 1283 4297 1346 4357; x_wconf 88' lang='lat' dir='ltr'>p.</span> <span class='ocrx_word' id='word_1_231' title='bbox 1382 4278 1485 4339; x_wconf 81' lang='lat'>59.</span> 
     </span>
    </p>

    <p class='ocr_par' dir='ltr' id='par_1_7' title="bbox 273 4371 2510 4547">
     <span class='ocr_line' id='line_1_33' title="bbox 347 4371 2510 4457; baseline 0.001 -21"><span class='ocrx_word' id='word_1_232' title='bbox 347 4378 437 4457; x_wconf 66' lang='grc'>(9)</span> <span class='ocrx_word' id='word_1_233' title='bbox 477 4377 741 4436; x_wconf 86' lang='lat' dir='ltr'>Decreta</span> <span class='ocrx_word' id='word_1_234' title='bbox 768 4372 1307 4453; x_wconf 87' lang='lat' dir='ltr'>Amphictionum,</span> <span class='ocrx_word' id='word_1_235' title='bbox 1340 4371 1385 4431; x_wconf 94' lang='lat' dir='ltr'>l.</span> <span class='ocrx_word' id='word_1_236' title='bbox 1419 4373 1645 4447; x_wconf 78' lang='lat'><strong>35-373</strong></span> <span class='ocrx_word' id='word_1_237' title='bbox 1689 4372 1892 4434; x_wconf 76' lang='lat'>42-48.</span> <span class='ocrx_word' id='word_1_238' title='bbox 1915 4404 1993 4419; x_wconf 94' lang='lat'>—</span> <span class='ocrx_word' id='word_1_239' title='bbox 2022 4373 2111 4433; x_wconf 92' lang='lat' dir='ltr'>De</span> <span class='ocrx_word' id='word_1_240' title='bbox 2134 4372 2510 4455; x_wconf 83' lang='lat' dir='ltr'>hypodidas-</span> 
     </span>
     <span class='ocr_line' id='line_1_34' title="bbox 273 4469 823 4547; baseline -0.011 -14"><span class='ocrx_word' id='word_1_241' title='bbox 273 4471 428 4533; x_wconf 84' lang='lat' dir='ltr'>calis</span> <span class='ocrx_word' id='word_1_242' title='bbox 453 4469 600 4530; x_wconf 87' lang='lat' dir='ltr'>vide</span> <span class='ocrx_word' id='word_1_243' title='bbox 627 4486 691 4547; x_wconf 91' lang='lat' dir='ltr'>p.</span> <span class='ocrx_word' id='word_1_244' title='bbox 723 4469 823 4528; x_wconf 82' lang='lat'>75.</span> 
     </span>
    </p>
   </div>
  </div>
 </body>
</html>
