3392 5500
1348 509 1628 568 ...9.-

363 644 831 736 Myonnesum
857 638 1282 712 traduxisset
1317 663 1476 736 quae
1503 645 1606 712 est
1635 638 1825 711 inter
1846 641 2072 710 Teum
2106 643 2170 712 et
2207 638 2601 730 Lebedum,

363 757 599 828 missis
653 754 940 852 legatiS,
983 755 1132 828 Teii
1187 779 1228 828 a
1275 755 1610 829 Romanis
1644 755 2048 851 petiverunt
2089 778 2178 827 ne
2232 761 2480 829 contra
2532 779 2604 828 se

360 879 776 969 paterentur
816 857 1084 944 muniri
1122 874 1630 968 Myonnesum;
1689 871 1787 944 ita
1832 871 1939 942 illi
1992 869 2357 944 Lebedum
2407 895 2601 945 corn·

361 990 868 1086 migraverunt,
903 986 1234 1068 Lebediis
1268 987 1363 1062 ob
1394 989 1778 1062 hominum
1808 989 2213 1084 penuriam,
2252 1011 2395 1084 qua
2438 995 2604 1062 tunc

361 1103 897 1202 premebantur,
941 1127 1060 1178 eos
1090 1103 1558 1177 libentissime
1595 1102 2108 1200 recipientibus
2138 1103 2271 1202 (1).
2301 1133 2331 1172 ι)
2391 1104 2605 1178 Aliud

360 1221 574 1294 etiam
607 1219 1023 1293 eorumdem
1057 1218 1503 1294 domicilium
1533 1220 1771 1294 omisit
1800 1218 2090 1306 Strabo;
2137 1220 2379 1293 retulit
2409 1222 2601 1293 enim

363 1336 790 1409 Plutarchus
816 1334 1237 1425 Antonium,
1265 1342 1640 1433 postquam
1667 1336 1860 1408 Sami
1896 1332 2102 1407 ludos
2136 1336 2450 1410 scenicos
2479 1359 2607 1431 per

360 1454 606 1549 plures
651 1452 800 1524 dies
841 1453 1118 1549 egisset,
1165 1454 1464 1526 Prienen
1507 1451 1899 1526 artificibus
1938 1452 2177 1524 sedem
2218 1454 2605 1548 assignasse

365 1568 690 1666 (Ancon,
723 1567 871 1666 57).
929 1567 1065 1640 Ubi
1115 1591 1263 1641 non
1321 1568 1442 1641 diu
1474 1575 1662 1642 certe
1692 1568 2109 1641 commorati
2156 1575 2345 1652 sunt,
2382 1593 2605 1665 quum

361 1685 658 1782 Augusti
705 1689 909 1756 aetate
963 1683 1324 1757 Lebedum
1370 1683 1793 1759 incolerent.
1846 1683 2122 1756 lndicat
2160 1684 2374 1756 etiam
2425 1685 2605 1781 lapis

362 1801 586 1874 aetatis
618 1800 1097 1895 imperatoriae
1128 1823 1274 1887 θος,
1310 1807 1470 1899 post
1499 1808 1642 1874 tam
1672 1800 1969 1896 longum
2001 1798 2331 1873 exsilium
2362 1807 2430 1874 et
2457 1807 2601 1874 tam

362 1915 628 1989 multos
676 1937 985 2005 erroreS,
1022 1917 1309 1990 tandem
1351 1921 1576 1990 Teum
1644 1917 2059 2012 remigrasse
2114 1922 2182 1989 et
2237 1917 2605 2013 antiquam

362 2032 604 2106 sedem
639 2032 1041 2128 repetivisse
1073 2030 1204 2130 (2).

464 2155 534 2224 5.
593 2149 831 2246 Cypri.
890 2149 1219 2222 Artifices
1251 2171 1517 2246 graecos
1553 2148 1642 2223 ab
1686 2151 2002 2246 Evagora
2040 2156 2109 2222 et
2156 2148 2441 2223 Nicocle
2480 2172 2609 2222 ac-

364 2267 541 2340 citos
599 2273 667 2340 et
724 2266 797 2337 in
859 2264 1096 2338 insula
1159 2270 1685 2339 commorantes
1759 2269 2101 2339 Isocrates
2162 2287 2612 2340 commemo-

361 2388 471 2455 rat
499 2381 602 2481 (3)
626 2408 644 2470 3
694 2404 853 2478 quae
886 2380 1023 2454 fuit
1062 2404 1230 2454 sane
1279 2381 1558 2478 collegii
1598 2381 1825 2478 origo.
1880 2385 2147 2478 Regum
2188 2381 2609 2480 Cypriorum

368 2499 603 2572 studia
638 2521 802 2595 erga
830 2520 984 2571 rem
1021 2496 1404 2588 ludicram,
1450 2496 1896 2594 temporibus
1938 2498 2345 2585 Alexandri,
2392 2505 2609 2572 testa-

347 2624 484 2720 tur
531 2615 955 2689 Plutarchus
989 2613 1189 2706 (Vide
1229 2639 1300 2711 p.
1352 2612 1506 2712 84).
1551 2614 1719 2687 Post
1761 2615 1918 2704 hos,
1972 2613 2251 2712 collegii
2292 2617 2611 2712 patroci-

369 2733 574 2806 nium
611 2737 1040 2829 receperunt
1077 2731 1378 2828 AEgyptii
1413 2753 1634 2826 regeS,
1671 2735 1869 2803 tanto
1900 2729 2137 2806 favore
2166 2738 2244 2805 ut
2289 2732 2607 2829 ipsorum

362 2873 628 2925 nomen
664 2872 832 2923 cum
865 2849 1144 2921 Baccho
1192 2848 1685 2921 consociarent
1711 2848 2017 2921 artifices
2046 2846 2175 2947 (4).

461 2971 528 3038 6.
582 2965 1056 3039 Alexandriae.
1115 2964 1415 3037 Nullum
1463 2964 1703 3038 adhuc
1760 2964 2073 3038 innotuit
2132 2965 2601 3039 Alexandrini

362 3082 642 3179 collegii
685 3089 1263 3154 monumentum.
1315 3078 1451 3175 Sed
1493 3079 1908 3169 AthenaeuS,
1953 3104 2293 3178 pompam
2338 3083 2602 3155 descri-

362 3198 539 3272 bens
592 3199 670 3271 in
707 3198 850 3272 hac
896 3195 1070 3269 urbe
1120 3220 1159 3269 a
1205 3219 1364 3293 rege
1407 3194 1725 3286 ductam,
1765 3198 2083 3270 scenicos
2126 3196 2433 3270 artifices
2472 3219 2602 3268 no-

363 3315 590 3388 minat
616 3320 685 3388 et
713 3319 1154 3410 praeeuntem
1196 3315 1518 3409 ipsorum
1553 3310 1992 3387 sacerdotem
2028 3320 2317 3410 poetam
2346 3311 2604 3385 Philis-

362 3454 532 3503 cum
574 3430 691 3528 (V,
730 3432 877 3527 27).

465 3554 531 3629 7.
593 3547 972 3642 Syracusis.
1030 3546 1200 3633 Quis
1235 3546 1476 3620 credat
1510 3545 2027 3642 amplissimam
2058 3546 2436 3631 civitatem,
2478 3566 2610 3617 ca-

359 3672 490 3761 put
523 3664 804 3753 Siciliae,
837 3664 1098 3761 insigni
1129 3665 1432 3751 theatro,
1470 3664 1676 3761 cujus
1715 3663 1864 3760 ipsa
1906 3661 2164 3737 rudera
2200 3660 2609 3747 admiratio-

441 3843 526 3924 (1)
572 3843 818 3919 StrabO,
852 3844 1014 3919 XIV,
1045 3860 1090 3919 1,
1123 3847 1224 3905 29.

439 3937 528 4019 (2)
575 3936 800 4017 Corpus
825 3936 1001 3996 inser.
1032 3956 1146 4015 qr„
1180 3939 1358 3999 3082.
1403 3970 1480 3981 -
1525 3938 1710 3998 Haud
1741 3938 1867 3997 scio
1895 3957 1976 3998 an
2006 3938 2083 3999 de
2114 3938 2377 4000 scenicis
2405 3936 2603 3997 artifi-
2683 3967 2691 3973 ·

359 4032 538 4093 cibus
564 4030 1034 4110 Theophrastus
1065 4032 1386 4112 scripserit
1401 4032 1470 4091 in
1487 4030 1777 4092 Charact.
1801 4035 1877 4093 23
1906 4051 1920 4093 :
1948 4033 2055 4092 Καὶ
2080 4032 2327 4115 περὶτῶν
2354 4034 2607 4112 τεχνιτῶν

357 4130 464 4185 τῶν
495 4128 549 4185 ἐν
577 4129 642 4203 τῇ
673 4124 842 4205 Ἀσίᾳ,
867 4120 947 4182 ὅτι
975 4124 1213 4203 βελτίους
1241 4124 1342 4185 εἶσὶ
1369 4128 1473 4184 τῶν
1505 4128 1557 4183 ἐν
1587 4128 1652 4203 τῇ
1679 4124 1917 4206 Εὐρώπῃ
1948 4126 2372 4207 ἅμφισὸητῆσαι.

438 4218 522 4300 (3)
574 4210 912 4298 EvagoraS,
949 4221 1006 4290 1,
1039 4222 1138 4282 50.
1163 4253 1238 4267 -
1271 4218 1363 4281 Cf.
1400 4218 1591 4279 etiam
1618 4220 1705 4280 Le
1742 4220 1861 4280 Bas
1894 4226 1958 4281 et
1990 4223 2281 4299 Foucart,
2310 4226 2490 4281 notes
2518 4220 2603 4281 du

359 4327 428 4375 n⁰
471 4316 611 4376 125.

442 4407 522 4488 (4)
573 4407 796 4487 Corpus
837 4406 1014 4467 inser.
1067 4426 1188 4487 9r.,
1237 4410 1416 4483 2619,
1451 4410 1633 4469 2620.
1659 4442 1742 4454 —-
1768 4411 1851 4471 Le
1884 4412 2005 4471 Bas
2046 4416 2110 4471 et
2147 4410 2600 4487 Waddington,

362 4502 548 4563 [πων.
587 4500 1098 4579 d'Asz'e-Mineure,
1131 4504 1373 4563 2793-4.
