3392 5500
1842 511 2160 570 ...12-

832 620 844 631 ’
885 638 1039 736 tur(
1053 635 1490 736 1).Attamen
1527 663 1616 712 ne
1642 643 1758 713 cui
1794 641 2013 716 dubio
2039 642 2239 716 locus
2258 643 2585 739 supersit,
2616 643 3119 738 Delphicarum

889 756 1288 832 tabularum
1333 759 1773 831 mentionem
1816 759 2098 850 faciam,
2144 762 2213 831 in
2259 759 2543 856 quibus,
2573 783 2797 856 quum
2827 760 3121 833 ducenti

884 874 1026 948 fere
1066 877 1371 949 artifices
1404 875 1896 963 nominentur,
1936 877 2261 949 omnium
2302 877 2528 972 patria
2566 875 2878 965 additur,
2916 877 3124 972 quin-

885 990 1116 1065 decim
1179 993 1461 1066 circiter
1519 997 1818 1087 paterno
1872 993 2164 1067 nomine
2227 998 2491 1066 carent.
2557 996 2635 1064 In
2695 993 2807 1064 his
2859 993 3114 1080 etiam,

887 1129 1108 1203 quum
1154 1130 1270 1180 eas
1313 1128 1522 1179 muro
1561 1107 1807 1203 templi
1862 1107 2367 1182 inscribentem
2404 1109 2707 1206 alicujus
2740 1116 3121 1205 paternum

883 1247 1146 1297 nomen
1194 1222 1547 1320 fugiebat,
1595 1223 1865 1320 aliquid
1920 1225 2124 1320 spatii
2175 1225 2372 1298 vacui
2423 1222 2985 1320 relinquebatur.
3037 1226 3121 1296 In

883 1364 1028 1412 una
1067 1339 1336 1428 tabula,
1382 1338 1569 1411 inter
1613 1338 1977 1413 saltatores
2029 1341 2337 1415 comicos
2385 1341 2717 1415 Moschus
2752 1340 3124 1434 Sicyonius

883 1456 1222 1544 refertur3
1287 1453 1502 1545 idem,
1558 1457 1631 1527 in
1688 1456 1967 1529 duabus
2006 1456 2187 1544 aliis,
2241 1456 2481 1530 addito
2530 1458 2746 1553 patris
2791 1458 3115 1546 nomine,

883 1572 1215 1646 Moschus
1251 1570 1536 1646 Sosiclis
1568 1572 1947 1668 Sicyonius
1984 1571 2110 1671 (2).
2166 1574 2359 1647 Idem
2394 1573 2661 1681 factum
2693 1575 2768 1645 in
2800 1574 3121 1671 tragoedo

886 1683 1123 1779 Sotylo
1173 1683 1542 1758 Philoxeni
1586 1685 1863 1772 AEtolo;
1924 1685 2114 1758 idem
2176 1685 2250 1756 in
2303 1686 2639 1759 Pantacle
2678 1686 2951 1761 Daalcis
2996 1687 3123 1760 Si-

885 1802 1136 1897 cyonio
1161 1799 1287 1899 (3).
1314 1804 1415 1874 Ex
1444 1824 1585 1900 quo
1607 1803 1773 1874 satis
1801 1808 1990 1897 patet
2020 1809 2395 1898 paternum
2428 1827 2715 1894 nomen,
2748 1805 3118 1900 siquando

887 1918 960 1989 in
1011 1919 1266 1990 ceteris
1313 1919 1654 1992 omissum
1708 1926 1837 2008 est,
1888 1926 2007 1992 aut
2048 1919 2445 2016 ignorantia
2496 1928 2618 1993 aut
2668 1945 2832 1994 casu
2874 1919 3117 2018 aliquo

886 2042 1166 2110 tantum
1207 2037 1585 2111 effluxisse.
1623 2039 1837 2112 Nulla
1887 2038 2101 2134 igitur
2132 2038 2480 2113 dubitatio
2521 2046 2834 2135 superest
2869 2061 3119 2115 omnes

887 2154 1201 2228 scenicos
1243 2154 1573 2248 artifices,
1624 2158 2038 2254 quicunque
2076 2155 2371 2252 collegia
2399 2156 2675 2228 Baccho
2709 2163 3120 2230 consecrata

890 2270 1412 2362 constituerint,
1447 2273 1797 2369 ingenuos
1863 2274 2047 2346 cives
2108 2273 2347 2360 fuisse,
2420 2295 2651 2369 neque
2722 2274 2935 2346 servis
2995 2279 3119 2345 aut

886 2385 1238 2460 libertinis
1277 2410 1428 2461 rem
1471 2395 1611 2460 tam
1642 2411 1943 2480 sacram,
1986 2395 2132 2461 tam
2173 2388 2452 2462 civilem
2484 2385 2795 2461 adeundi
2832 2411 3119 2462 conces-

885 2526 1033 2576 sam
1060 2504 1449 2577 licentiam.

979 2620 1360 2718 Declarant·
1394 2621 1608 2694 etiam
1657 2621 1868 2710 tituli,
1914 2623 2273 2718 praecipue
2320 2621 2673 2717 Delphici,
2729 2644 2945 2718 quam
2994 2620 3119 2693 di-

880 2737 1095 2810 versis
1124 2761 1162 2811 e
1190 2737 1597 2835 regionibus
1622 2738 1928 2811 artifices
1948 2738 2022 2812 in
2060 2736 2389 2836 quaedam
2413 2737 2708 2835 collegia
2744 2738 3109 2811 coiverint.

883 2858 982 2927 De
1030 2855 1263 2928 Attico
1313 2854 1605 2952 quidem
1662 2856 1843 2928 nihil
1904 2856 2070 2929 satis
2128 2861 2424 2943 constat,
2489 2878 2713 2951 quum
2776 2856 3113 2951 perpauci

881 2970 1303 3044 nominatim
1331 2966 1815 3068 designentur,
1852 2979 1921 3044 et
1955 2973 2004 3045 ii
2046 2971 2361 3068 quide-m,
2396 2970 2597 3044 nulla
2636 2971 2880 3067 patriae
2918 2994 3119 3045 men·

881 3087 1101 3160 tione.
1153 3086 1357 3160 Unde
1393 3086 1696 3161 dubium
1731 3088 1812 3161 fit
1850 3094 2092 3161 utrum
2134 3087 2270 3160 hoc
2308 3110 2391 3160 ex
2420 3086 2973 3159 Atheniensibus
3011 3109 3119 3159 so-

879 3202 978 3275 lis·
1015 3204 1408 3279 constiterit
1449 3229 1539 3278 an
1580 3205 1972 3302 peregrinis
2028 3227 2314 3301 quoque
2355 3202 2742 3277 sodalitatis
2779 3201 3115 3275 ineundae

879 3320 1042 3393 data
1083 3314 1296 3392 suerit
1346 3321 1668 3394 facultas.
1724 3320 1933 3417 Apud
1976 3320 2179 3393 Teios
2226 3318 2617 3392 nonnullos
2656 3325 2983 3391 externos
3020 3319 3115 3390 vi-

881 3436 1164 3523 demuS,
1223 3434 1828 3527 Chalcedonium,
1890 3438 2439 3533 Pergamenum,
2511 3436 2827 3508 Samium
2851 3460 2869 3521 ;
2938 3432 3115 3507 alios

881 3558 1226 3647 praetereo
1271 3576 1450 3649 quos
1493 3554 1709 3650 hujus
1754 3552 2035 3649 collegii
2087 3552 2465 3649 participes
2516 3551 2731 3623 fuisse
2792 3557 3113 3623 tantum-

882 3667 1100 3741 modo
1121 3669 1492 3764 probabile
1517 3675 1644 3742 est.
1675 3668 2121 3743 Uberi-imam
2144 3677 2381 3741 autem
2398 3668 2769 3741 materiam
2792 3666 3113 3763 praebent

880 3784 1070 3855 tituli
1105 3785 1459 3881 Delphici,
1497 3787 1570 3858 in
1613 3786 1876 3882 quibus
1910 3808 2134 3881 quum
2164 3786 2431 3857 mentio
2472 3785 2593 3857 fiat
2623 3784 2949 3857 omnium
2991 3782 3113 3879 qui

879 3897 1088 3973 ludos
1115 3901 1503 3997 attigerint,
1546 3901 1782 3975 videre
1825 3906 1929 3973 est
1974 3902 2289 3975 scenicos
2326 3923 2365 3974 e
2410 3900 2583 3975 locis
2623 3898 3115 3989 diversissimis

879 4024 1068 4089 ortos
1113 4018 1188 4089 in
1227 4041 1457 4090 unum
1502 4042 1759 4115 corpus
1805 4018 2175 4092 coaluisse.

977 4134 1408 4230 Quanquam
1436 4133 1785 4230 plurimos
1813 4132 2143 4225 Athenae,
2172 4136 2464 4225 Boeotia,
2496 4132 2823 4227 Arcadia,
2856 4134 3109 4230 Sicyon

962 4318 1046 4397 (1)
1095 4317 1319 4399 Corpus
1352 4318 1526 4380 ι’·ηεεφ.
1557 4339 1676 4407 972,
1710 4323 1889 4383 3090.

963 4412 1044 4492 (2)
1088 4408 1468 4493 Inscriptzons
1496 4413 1735 4474 ἱηέάὶτθε
1760 4414 1828 4475 de
1856 4415 2131 4495 Delphe3‚
2164 4415 2265 4490 III,
2301 4418 2410 4490 753
2446 4415 2551 4491 IV,
2584 4418 2701 4493 703
2744 4416 2817 4493 V,
2849 4370 2947 4475 57.

959 4505 1044 4586 (3)
1084 4507 1324 4583 Ibidem,
1360 4510 1464 4582 III,
1495 4512 1610 4585 443
1644 4510 1748 4586 IV,
1781 4514 1885 4573 44.
1908 4511 2107 4583 -111,
2141 4512 2258 4585 463
2292 4509 2396 4585 IV,
2428 4511 2527 4571 68.
