3392 5500
1255 458 1617 517 —105—

232 634 234 637 Δ
316 590 410 665 ob
461 588 817 685 insignem
874 609 1191 661 amorem
1242 612 1410 685 erga
1447 589 1631 662 cives
1676 588 2151 683 patriamque,
2196 589 2560 683 postulatu

315 704 591 802 populi,
648 710 954 775 statuam
1009 704 1243 799 posuit
1280 700 1411 803 (1).
1454 733 1485 771 »
1539 703 1842 777 Mimum
1887 724 2178 798 quoque
2234 704 2561 781 decurio-

317 845 488 895 nem
523 820 738 894 fuisse
771 818 1062 893 Bovillis
1093 820 1497 894 invenimus
1528 818 1661 919 (2).
1696 822 1925 905 Quem
1954 818 2337 893 hominum
2372 820 2562 897 favo-

320 946 470 1011 'rem
498 936 736 1009 latinis
771 935 1238 1009 histrionibus
1267 937 1422 1009 sine
1462 936 1682 1010 dubio
1719 934 2126 1008 conciliavit
2158 952 2557 1032 graecor'um

316 1052 674 1127 artificum
716 1050 1168 1147 exemplum3
1212 1050 1480 1125 indicio
1518 1059 1623 1125 est
1663 1053 1816 1147 ipsa
1861 1050 2237 1127 titulorum
2267 1054 2450 1127 ratio
2487 1057 2563 1128 in

319 1168 581 1265 'quibus
614 1165 809 1240 haud
846 1189 1074 1263 pauca
1101 1168 1312 1241 verba
1342 1190 1535 1241 mere
1561 1189 1796 1263 graeca
1833 1165 2072 1238 latinis
2103 1173 2382 1241 tantum
2412 1168 2559 1243 ele-

317 1283 581 1356 mentis
640 1281 1159 1355 inscribuntur.
1234 1286 1571 1379 Magnum
1647 1288 1887 1355 tamen
1964 1282 2152 1356 inter
2217 1290 2559 1380 utrosque

320 1380 705 1473 discrimen
754 1397 1170 1493 permansit.
1218 1400 1300 1469 In
1358 1418 1619 1493 corpus
1669 1396 2121 1471 scenicorum
2172 1396 2561 1471 latinorum

319 1498 759 1609 irrepserunt
807 1512 1044 1586 liberti
1080 1508 1151 1585 et
1184 1536 1359 1608 gens
1396 1513 1790 1586 mimorum
1820 1518 2032 1609 atque
2075 1515 2561 1608 pantomimo-

322 1652 481 1700 rum
502 1654 521 1716 ;
569 1627 855 1701 feminae
885 1628 1098 1701 etiam
1138 1627 1326 1700 hanc
1364 1635 1590 1700 artem
1626 1628 2010 1723 attigerunt
2033 1624 2165 1727 (3).
2203 1630 2295 1700 At
2321 1636 2566 1703 contra

318 1744 545 1818 Graeci
586 1744 847 1817 scenici
879 1742 1259 1839 collegium
1290 1765 1502 1815 suum
1548 1742 1837 1816 nonnisi
1866 1742 2034 1816 viris
2066 1744 2398 1839 ingenuis
2436 1768 2565 1841 pa·-

320 1866 466 1934 tere
507 1860 825 1932 siverunt
862 1880 1096 1955 neque
1133 1857 1362 1954 pollui
1402 1857 1723 1931 scurrilis
1752 1858 2035 1930 artificii
2072 1861 2520 1956 contagione.

417 1976 570 2048 Arti
626 1976 955 2061 scenicae‚
1018 1982 1165 2047 non
1228 1973 1621 2048 artificibus
1678 1972 1920 2060 mod0,
1981 1974 2254 2050 bellum
2308 1976 2566 2050 indixit

326 2091 709 2164 christiana
761 2089 1051 2186 religi03
1122 2088 1245 2163 sed
1314 2088 1492 2164 adeo
1544 2090 1769 2164 fixum
1822 2098 1968 2163 erat
2028 2091 2287 2164 animis
2353 2092 2571 2188 hujus

324 2205 829 2280 oblectamenti
873 2204 1189 2277 studium
1233 2210 1311 2277 ut
1345 2228 1436 2277 ne
1465 2227 1506 2277 a
1534 2204 1938 2278 christianis
1977 2205 2270 2301 quidem
2299 2208 2566 2302 princi-

268 2336 272 2341 ·
321 2320 531 2418 pibus
566 2321 952 2417 imperium
991 2320 1507 2407 obtinentibuS‚
1554 2319 1824 2392 aboleri
1863 2326 2125 2417 posset.
2170 2320 2360 2393 Illud
2408 2329 2562 2395 tan-

322 2444 477 2511 tum
519 2438 883 2510 evicerunt
930 2436 1298 2509 christiani
1348 2441 1428 2507 ut
1470 2436 1733 2508 scenici
1779 2436 2180 2512 inhonestae
2234 2461 2559 2533 personae

321 2553 780 2627 haberentur.
827 2556 909 2624 In
948 2550 1156 2624 titulo
1200 2550 1466 2625 codicis
1499 2548 1908 2637 Theodosii,
1951 2551 2198 2624 multae
2247 2552 2435 2650 leges
2469 2555 2558 2629 de

320 2672 459 2744 hoc
490 2694 748 2768 genere
782 2675 1277 2743 memorantur
1314 2669 1579 2767 quibus
1617 2676 1912 2766 apparet
1946 2692 2109 2767 quae
2141 2678 2314 2744 tunc
2348 2671 2562 2747 fuerit

322 2811 572 2862 eorum
627 2786 963 2861 conditio.
1013 2791 1095 2859 In
1137 2792 1412 2860 tantum
1467 2788 1663 2861 enim
1728 2787 2306 2882 spectaculorum
2358 2790 2566 2864 obse-

323 2905 511 3001 quiis
560 2902 989 2976 tenebantur
1028 2909 1107 2975 ut
1153 2901 1515 2976 declinare
1566 2901 1809 2976 officia
1859 2904 2142 2976 scenica
2194 2907 2455 2980 scenici
2498 2915 2570 2982 et

324 3021 624 3093 scenicae
662 3017 771 3092 vel
802 3042 887 3090 ex
925 3018 1038 3090 his
1079 3018 1228 3090 nati
1258 3028 1529 3090 nataeve
1562 3041 1711 3091 non
1752 3026 2074 3114 possent;
2111 3021 2188 3092 in
2227 3024 2564 3117 paucissi-

324 3135 485 3222 miS,
535 3140 603 3208 et
642 3134 728 3206 iis
771 3133 1065 3228 quidem
1100 3139 1291 3206 arcte
1330 3131 1669 3216 definitis,
1717 3132 2100 3206 artificium
2137 3134 2368 3210 deseri
2413 3138 2566 3235 lege
2613 3209 2619 3214 .

324 3272 746 3323 concessum
786 3255 912 3322 est.
950 3248 1217 3335 Primo,
1245 3249 1303 3320 si
1341 3250 1417 3319 in
1447 3248 1768 3343 periculo
1801 3252 2051 3323 mortis
2081 3261 2556 3342 versarentur,

324 3367 445 3440 sed
497 3396 528 3434 «
562 3373 725 3440 ante
770 3364 1013 3438 omnia
1062 3363 1384 3459 diligenti
1422 3362 1779 3438 observari
1813 3388 1895 3438 ac
1940 3368 2169 3440 teneri
2202 3371 2566 3444 sanctione

317 3481 655 3578 jubemus
691 3487 770 3553 ut
803 3503 963 3554 vere
1000 3479 1169 3552 etin
1193 3485 1508 3552 extremo
1544 3479 1869 3575 periculo
1904 3483 2297 3569 constituti,
2332 3484 2408 3558 id
2432 3509 2565 3582 pro

322 3599 549 3672 salute
591 3601 962 3694 poscentes
993 3593 1080 3694 (si
1129 3601 1372 3667 tamen
1406 3596 1776 3668 Antistites
1830 3597 2162 3698 probant)
2228 3599 2562 3676 beneficii

316 3721 875 3810 consequantur.
910 3740 944 3778 »
985 3708 1343 3799 Secundo,
1393 3711 1449 3783 si
1488 3712 1814 3800 scenicae,
1851 3713 2053 3788 nullo
2091 3717 2339 3789 mortis
2376 3719 2565 3814 peri-

321 3829 511 3917 culo,
547 3828 770 3925 probe
798 3829 1011 3900 vitam
1048 3833 1283 3922 agant.
1328 3826 1406 3899 Si
1446 3850 1587 3923 qua
1614 3851 1779 3921 yero
1820 3828 2030 3914 male,
2079 3859 2112 3898 «
2135 3830 2450 3906 detracta
2484 3836 2560 3907 in

321 3945 686 4050 pulpitum
692 3998 892 4016 .......
925 3942 1027 4015 ibi
1048 3949 1461 4038 permaneat
1490 3941 1718 4016 donec
1744 3967 1924 4018 anus
1965 3946 2292 4037 ridicula,
2329 3972 2564 4024 senec-

322 4066 472 4132 tute
502 4058 870 4132 deformiS.
905 4086 939 4124 »
981 4057 1244 4144 Tertio,
1289 4056 1346 4128 si
1377 4079 1461 4128 ex
1499 4058 1801 4130 scenicis
1849 4066 2034 4132 natae
2081 4062 2556 4157 probabilem,

323 4199 473 4250 non
533 4175 900 4272 vulgarem
948 4173 1163 4246 vitam
1218 4179 1656 4246 exercerent.
1723 4177 2024 4264 Quart0,
2082 4201 2169 4250 ex
2218 4180 2562 4278 principis

405 4439 485 4518 (1)
528 4436 743 4513 Orelli,
776 4439 953 4500 2621.
985 4467 1065 4480 -
1085 4433 1179 4514 ,(2)
1208 4429 1423 4505 Orelli,
1456 4433 1639 4494 2625.
1668 4467 1750 4480 -
1774 4436 1854 4517 (3)
1889 4439 2102 4512 Orelli,
2127 4444 2304 4517 2610,
2334 4447 2516 4507 2611.

2199 4537 2240 4597 8
