3392 5500
1377 484 1655 541 -7-

396 616 760 692 incolebat
795 622 917 690 aut
949 614 1317 690 invisebat.
1365 618 1447 688 In
1484 613 1627 688 illis
1653 613 1831 688 locis
1858 613 2069 687 fuisse
2094 611 2441 710 ejusmodi
2475 610 2628 690 col-

396 733 603 831 legia,
649 733 956 806 maxime
991 756 1034 806 e
1068 731 1427 830 lapidibus
1467 731 1973 830 comperimus

501 857 567 922 1.
625 847 924 923 Athenis
955 846 1088 948 (1).

497 973 567 1042 2.
624 966 885 1041 Thebis
911 965 1044 1065 (2).

497 1089 566 1158 3..
620 1083 871 1157 Isthmi
892 1089 960 1159 et
989 1087 1274 1157 Nemeae
1304 1082 1436 1182 (3).
1475 1083 1707 1181 Hujus
1734 1080 2013 1179 collegii
2032 1083 2336 1156 artifices
2356 1106 2628 1181 nequa-

397 1223 612 1298 quam
656 1198 768 1272 his
806 1201 881 1273 in
923 1199 1100 1272 locis
1130 1199 1789 1288 commorabantur,
1831 1199 1957 1272 sed
1982 1197 2103 1272 alii
2128 1200 2360 1296 Argis,
2392 1205 2469 1272 ut
2500 1200 2631 1274 do·-

396 1322 511 1391 cet
543 1316 804 1391 diserte
846 1315 1101 1390 titulus
1140 1314 1414 1416 (l.-40),
1461 1315 1610 1406 alii,
1659 1322 1742 1390 ut
1773 1314 2155 1390 verisimile
2190 1323 2335 1405 est,
2383 1317 2635 1389 vicinis

395 1435 472 1507 in
503 1431 802 1507 urbibus
821 1460 840 1522 ;
878 1433 976 1507 ita
1003 1440 1084 1506 ut
1122 1432 1504 1530 collegium
1537 1433 1946 1507 universum
1985 1455 2024 1506 e
2066 1431 2286 1520 festiS,
2322 1454 2631 1528 quorum

395 1549 838 1648 agendorum
871 1551 1097 1648 gratia
1137 1549 1683 1642 conveniebant,
1738 1573 2003 1625 nomen
2048 1548 2365 1638 duceret,
2403 1555 2635 1646 partes
2695 1621 2699 1626 .

397 1668 695 1765 singulae
733 1665 1078 1742 adderent
1111 1666 1408 1741 civitatis
1437 1667 1884 1742 mentionem
1921 1666 1993 1739 in
2023 1688 2165 1763 qua
2190 1663 2647 1739 domicilium-

395 1789 810 1881 posuerant.
849 1787 1106 1858 Totum
1136 1783 1270 1857 fuit
1299 1782 1483 1858 illud
1518 1810 1536 1858 :
1597 1812 1629 1852 «
1653 1783 1987 1858 Bacchicz'
2010 1782 2306 1881 artifices
2334 1805 2423 1854 ex
2443 1779 2635 1858 Isth-

395 1923 508 1972 mo
540 1912 610 1972 et
628 1902 926 1990 Nemea,
967 1898 1250 1998 Aryivae
1278 1899 1680 1974 sodalitatis,

499 2022 569 2088 4.
627 2017 753 2089 Tei
779 2016 1034 2113 triplex
1076 2015 1412 2091 sodalitas
1455 2019 1530 2090 in
1568 2041 1796 2091 unum
1842 2015 2222 2113 collegium
2267 2039 2419 2090 sese
2466 2037 2640 2090 con-

398 2132 710 2222 sociavit,
758 2139 1032 2207 retenta
1082 2139 1322 2208 tamen
1381 2134 1676 2231 originis
1737 2140 1859 2208 aut
1914 2133 2296 2230 peculiaris
2350 2129 2634 2206 artificii
2718 2157 2722 2162 ·

399 2248 768 2323 memoria.
823 2249 960 2335 Qui
999 2249 1134 2323 sibi
1171 2256 1554 2347 patronum
1593 2253 1879 2322 Διόνυσον
1922 2252 2303 2348 καθηγεμᾷνα
2341 2271 2637 2322 nuncu-

398 2371 573 2462 pant
609 2388 692 2440 ex
727 2366 882 2462 ipsa
909 2369 1052 2440 Teo
1105 2367 1387 2441 oriundi
1450 2366 1802 2457 videntur,
1855 2375 1925 2444 et
1971 2389 2091 2441 eos
2135 2363 2501 2462 probabile
2532 2371 2635 2440 est

390 2479 823 2578 jampridem
854 2483 930 2556 in
955 2504 1037 2557 ea
1070 2482 1248 2557 urbe
1278 2482 1615 2556 exstitisse
1646 2506 1808 2580 quae
1841 2483 2203 2558 Bacchum
2234 2484 2423 2557 intra
2454 2483 2635 2559 fines

398 2621 566 2672 suos
601 2604 852 2673 natum
889 2622 1040 2672 esse
1082 2598 1554 2674 contendebat
1607 2606 1674 2673 et
1724 2599 1838 2674 dei
1883 2599 2202 2696 praesidis
2239 2601 2633 2697 patrocinio

392 2715 511 2814 jus
548 2714 722 2812 asyli
751 2725 818 2790 et
855 2715 1384 2791 immunitatem
1417 2722 1805 2792 consecuta
1832 2723 2005 2792 erat.
2029 2716 2271 2793 Altera
2299 2716 2633 2793 sodalitas

401 2839 507 2907 est
537 2832 892 2907 artificum
950 2833 1168 2908 Ioniae
1211 2840 1278 2906 et
1325 2832 1768 2931 Hellesponti
1804 2834 1926 2931 qui
1966 2834 2042 2908 in
2080 2857 2236 2908 eam
2277 2835 2630 2909 civitatem

399 2950 888 3024 confluxerant
937 2973 1124 3047 quae,
1177 2950 1458 3025 Baccho
1511 2957 1947 3039 consecrata,
1990 2952 2633 3025 scenicis'maxime

399 3073 807 3165 opportuna
833 3066 1034 3142 sedes
1069 3066 1581 3142 destinabatur.
1623 3070 1725 3141 Ea
1766 3066 1903 3141 fuit
1940 3073 2409 3163 utrorumque
2450 3069 2629 3141 ratio

401 3191 502 3275 ut,
526 3183 798 3281 duplici
823 3186 1272 3282 cognomine,
1293 3185 1367 3258 in
1389 3208 1620 3259 unum
1650 3184 2127 3258 communiter
2146 3184 2595 3287 consulerent
2603 3212 2622 3274 ;

399 3299 756 3376 nonnulla
783 3302 978 3375 enim
1007 3302 1287 3375 decreta
1319 3302 1688 3399 utriusque
1729 3302 2022 3375 nomine
2062 3300 2401 3398 inscripta
2427 3308 2631 3374 tene-

400 3442 586 3508 muS,
621 3417 907 3492 nullum
943 3425 1183 3493 autem
1225 3418 1417 3492 nude
1454 3418 1811 3494 artificum
1838 3416 2159 3515 praesidis
2197 3416 2455 3491 Bacchi
2492 3416 2625 3515 (4).

397 3537 630 3609 Tertia
684 3528 1014 3609 sodalitas
1072 3535 1206 3609 fuit
1247 3536 1859 3634 synayonistarum
1883 3592 1902 3625 ,
1957 3534 2335 3631 conjuncta
2389 3540 2629 3606 tamen

399 3674 565 3725 cum
615 3648 998 3749 prioribus.
1054 3654 1244 3740 Quos
1296 3648 1682 3727 Boeckhius
1733 3650 2037 3726 artifices
2079 3673 2231 3724 esse
2260 3672 2303 3725 e
2340 3649 2631 3724 diversis

479 3928 566 4009 (l)
607 3932 871 3993 Decreta
897 3930 1632 4012 Amphietionum.-Le
1661 3930 1804 4006 Bas,
1830 3925 2098 4009 Attique,
2130 3930 2269 3989 377.
2290 3958 2367 3971 -
2387 3926 2491 3989 Fr.
2522 3925 2633 3989 Le-

396 4029 714 4097 normam,
746 4024 1103 4107 Recherckes
1125 4025 1163 4085 ἀ
1187 4007 1444 4103 Eleusis,
1471 4026 1572 4086 26.

487 4116 570 4198 (2)
611 4121 696 4180 Le
725 4119 863 4195 Bas,
897 4124 961 4183 3ο
977 4120 1200 4201 partie,
1231 4122 1396 4185 505..

479 4212 562 4291 (3)
605 4212 894 4291 Foueart,
926 4214 1126 4276 Revue
1163 4213 1450 4289 arckdol„
1487 4214 1662 4290 1870,
1704 4218 1748 4274 1;.
1790 4211 1867 4285 II,
1905 4230 1967 4291 p.
2001 4214 2143 4288 107,
2179 4209 2292 4273 ubi
2332 4214 2539 4271 cetera
2565 4210 2633 4293 in

396 4302 621 4366 laceris
649 4306 849 4367 titulis
878 4308 1140 4371 latentia
1163 4308 1392 4387 collegi
1419 4313 1484 4369 et
1509 4306 1863 4370 emendavi.

476 4398 560 4480 (4)
616 4398 844 4483 Corpus
871 4401 1050 4464 inser.
1081 4422 1204 4484 qr„
1238 4405 1421 4479 3067,
1453 4400 1612 4464 3068
1639 4419 1699 4463 α.
1732 4435 1808 4449 -
1836 4402 1923 4463 Le
1940 4400 2061 4463 Bas
2088 4404 2151 4462 et
2177 4397 2629 4479 Waddington,

401 4490 592 4555 Inser.
622 4492 1144 4575 d'Asie-Mineure,
1176 4500 1314 4560 281.
