3392 5500
1341 580 1660 639 ...5-7-

387 719 613 786 Aucta
659 711 919 785 deinde
970 710 1248 785 ludicra
1293 711 1788 810 largitionibus
1833 711 2096 784 civium
2146 718 2360 809 atque
2403 714 2616 787 etiam

389 829 911 926 inquilinorum
958 829 1080 923 qui
1138 827 1331 901 haud
1386 829 1592 925 pauci
1671 828 1806 901 Iasi
1872 825 2358 902 versabantur.
2439 833 2618 902 Usus

387 944 733 1041 paulatim
763 942 1073 1017 obtinuit
1100 949 1177 1014 ut
1210 944 1633 1039 agonotheta
1652 951 1748 1030 et,
1775 965 2076 1017 numero
2115 944 2418 1034 incerte,
2447 944 2620 1019 cho-

392 1061 537 1155 ragi
576 1060 757 1133 cives
798 1064 873 1131 et
906 1058 1239 1153 inquilini
1280 1058 1758 1154 producerent
1797 1058 2100 1133 artifices
2140 1082 2450 1154 quorum
2487 1084 2621 1134 nec

390 1198 737 1248 numerus
774 1196 906 1247 nec
934 1196 1157 1269 genus
1187 1175 1716 1270 praescriptum,
1741 1172 1864 1247 sed
1897 1175 2170 1248 varium
2200 1197 2240 1249 e
2259 1175 2620 1249 voluntate

387 1292 844 1388 largientium
896 1296 1017 1362 aut
1067 1289 1427 1364 artificum
1476 1292 1708 1386 copia.
1753 1288 2090 1363 Additum
2149 1291 2343 1364 aliud
2399 1315 2626 1388 genus
2703 1360 2706 1363 ,

386 1406 933 1497 munificentiae,
976 1405 1244 1479 scilicet
1276 1414 1351 1478 ut
1390 1405 1844 1480 saltatoribus
1867 1408 2008 1503 -qui
2040 1408 2420 1504 gratuitam
2457 1430 2625 1505 ope-

385 1546 541 1596 ram
594 1522 833 1595 choris
886 1520 1211 1594 civilibus
1256 1521 1574 1617 praebere
1619 1521 2014 1609 debebant,
2079 1546 2223 1595 una
2282 1524 2624 1598 drachma

386 1641 579 1713 dono
616 1636 907 1711 daretur
931 1635 956 1734 (
968 1634 1061 1734 1),
1094 1643 1167 1709 et
1194 1636 1732 1732 spectatoribuS,
1772 1636 2034 1734 quibus
2069 1637 2408 1712 solvenda
2437 1662 2623 1713 mer-

386 1778 505 1829 ces
530 1760 706 1844 erat,
736 1753 993 1828 theatri
1018 1754 1233 1849 gratis
1260 1751 1572 1827 adeundi
1596 1751 1897 1826 facultas
1919 1752 2145 1828 fieret.
2179 1757 2408 1840 Quam
2436 1764 2610 1845 non,

386 1880 473 1943 ut·
515 1871 839 1959 AtheniS,
890 1869 1251 1965 liturgiam
1300 1869 1485 1942 cives
1530 1867 1892 1960 subibant,
1955 1868 2079 1941 sed
2132 1878 2381 1966 sponte
2437 1894 2606 1960 sua;

385 1988 677 2075 etenim,
712 1984 1047 2059 nonnulli
1087 1984 1196 2059 bis
1231 1992 1355 2059 aut
1389 1992 1497 2060 ter
1528 1992 1854 2083 sumptus
1882 2009 2004 2061 eos
2037 1986 2124 2061 de
2153 2010 2282 2061 suo
2311 1987 2608 2075 faciunt,

388 2099 582 2198 quod
621 2123 911 2187 munus,
952 2100 1009 2171 si
1039 2098 1290 2173 fuisset
1332 2101 1771 2196 impositum,
1817 2125 1944 2199 per
1971 2124 2218 2176 omnes
2248 2102 2380 2176 iret
2413 2103 2614 2176 vicis-

386 2219 520 2289 sim
550 2239 684 2290 nec
706 2217 968 2312 saepius
995 2217 1085 2290 ad
1115 2215 1401 2291 eosdem
1440 2218 1730 2292 rediret.

484 2332 680 2405 Nihil
706 2334 942 2429 igitur,
970 2334 1107 2406 nisi
1137 2340 1388 2429 sponte
1416 2358 1569 2425 sua,
1596 2334 2060 2430 largientibus
2087 2335 2611 2432 magistratibus

384 2457 509 2523 aut
542 2447 845 2537 civibuS,
894 2472 1178 2523 necesse
1216 2448 1347 2522 fuit
1399 2450 1475 2521 in
1513 2450 1667 2545 ipso
1719 2450 1896 2523 sesto
1947 2450 2288 2525 declarari
2335 2474 2496 2547 quaa
2535 2453 2610 2525 in

386 2566 797 2661 proximum
826 2587 1099 2639 annum
1129 2566 1736 2662 promitterentur,
1777 2572 1855 2640 ut
1884 2566 2188 2641 artifices
2224 2566 2610 2641 mandandi

316 2757 322 2762 ,
385 2688 670 2779 tempus
708 2687 1125 2778 superesset.
1161 2682 1297 2768 Qui
1338 2705 1425 2756 ex
1461 2683 1768 2757 externis
1803 2682 2214 2781 regionibus
2246 2684 2451 2758 acciti
2486 2706 2612 2781 per

384 2795 631 2894 plures
690 2796 843 2870 dies
906 2807 1030 2872 aut
1083 2796 1359 2871 fabulas
1414 2797 1716 2895 agebant
1764 2806 1886 2872 aut
1941 2799 2316 2886 canebant,
2385 2822 2609 2896 quum

386 2914 691 3010 quisque
736 2937 987 2988 eorum
1027 2914 1155 3010 qui.
1205 2914 1343 2987 hoc
1398 2936 1661 2986 munus
1711 2921 2168 3012 susceperant
2205 2939 2334 3012 per
2383 2939 2610 2989 unum

384 3037 507 3102 aut
555 3029 737 3105 duos
796 3031 945 3105 dies
999 3031 1485 3126 spectaculum
1542 3029 1939 3126 largiretur.
2014 3032 2334 3129 Exempli
2397 3054 2611 3106 causa

348 3213 357 3224 .
386 3169 605 3220 unam
634 3146 951 3220 tabulam
991 3146 1348 3219 transtuli.

498 3291 530 3329 «
566 3263 1153 3359 Stephanephoro
1202 3261 1554 3358 Apollinis
1616 3253 1868 3359 quarto
1923 3270 2082 3360 post
2143 3265 2559 3360 Menippum
2587 3323 2605 3354 ,

385 3378 807 3473 agonotheta
855 3378 1267 3453 Moschione
1300 3378 1786 3474 AntiphontiS,
1835 3377 1966 3468 illi,
2025 3381 2224 3475 prius
2261 3379 2612 3454 declarata

384 3492 773 3584 voluntate,
809 3494 1156 3567 dederunt
1188 3517 1204 3567 ε
1234 3493 1638 3568 Theaetetus
1663 3493 2108 3582 MelanioniS,
2135 3495 2259 3590 qui
2288 3493 2424 3568 fuit
2447 3517 2616 3591 ago-

358 3610 703 3699 notheta,
749 3609 1289 3682 Athenodorum
1336 3608 1730 3683 Heraclidae
1769 3610 2200 3699 comoedum,
2245 3631 2389 3682 una
2447 3609 2608 3700 die3

382 3726 655 3821 accepit
693 3724 955 3798 chorus
994 3724 1447 3815 drachmam,
1492 3726 1977 3822 spectaculum
2022 3749 2184 3799 vero
2222 3727 2608 3823 gratuitum

382 3843 542 3916 fuit.
567 3842 967 3915 Theaetetus
996 3841 1448 3933 Melanionis,
1481 3842 1605 3938 qui
1632 3841 1768 3915 fuit
1795 3842 2144 3938 choragus
2153 3896 2300 3932 .....
2335 3865 2614 3916 comoe-

381 3960 555 4032 dum
600 3982 743 4031 una
788 3957 936 4046 die;
980 3959 1255 4054 accepit
1300 3957 1563 4032 chorus
1608 3956 2066 4046 drachmam,
2125 3959 2608 4055 spectaculum

376 4098 542 4147 vero
572 4075 961 4171 gratuitum
998 4073 1157 4147 fuit.
1200 4104 1232 4141 »
1285 4077 1457 4148 Tres
1493 4075 1675 4148 cives
1713 4083 1779 4150 et
1809 4098 1998 4148 unus
2027 4074 2453 4172 inquilinus,
2486 4078 2610 4172 qui

378 4193 669 4290 choragi
712 4192 1019 4281 fuerant,
1070 4191 1407 4266 eumdem
1445 4192 1882 4284 comoedum,
1934 4194 2238 4292 quisque
2278 4218 2424 4268 una
2462 4196 2604 4285 die,

378 4308 895 4404 produxerunt.

460 4546 544 4626 (1)
587 4548 831 4626 Sequor
854 4547 1437 4629 interpretationem
1460 4564 1652 4627 quam
1675 4547 1849 4614 dedit
1873 4547 2324 4627 Waddington,
2355 4567 2418 4628 p.
2452 4551 2547 4611 87.
