3392 5500
1239 562 1562 620 -27-

266 691 468 766 ribus
498 689 864 778 humaniS,
899 712 991 764 ne
1035 687 1292 763 divinis
1339 691 1631 788 quidem
1669 692 2194 770 abstinuerunt.
2230 695 2507 791 Quippe

266 809 341 879 in
374 807 652 881 theatro
689 813 852 880 ante
883 811 1185 881 statuam
1215 806 1543 882 Cratonis
1572 806 1925 905 tripodem
1952 817 2023 882 et
2050 809 2504 884 thuribulum

266 925 604 1000 constitui
651 925 1057 1021 jusserunt,
1123 924 1457 1001 mandata
1527 926 1873 1002 sacerdoti
1929 930 2111 1026 regis
2170 928 2511 1002 Eumenis

267 1067 443 1117 cura
480 1047 558 1115 ut
587 1042 970 1139 quotannis
1002 1041 1170 1115 thus
1208 1044 1286 1116 in
1322 1044 1478 1140 ejus
1516 1043 1865 1117 honorem
1902 1055 2341 1118 cremaretur
2367 1041 2499 1142 (1).
2614 1108 2621 1112 .

267 1159 438 1233 Post
470 1156 667 1229 illius
707 1162 948 1230 autem
994 1155 1300 1248 obitum,
1336 1181 1426 1232 ne
1466 1159 1642 1233 tanti
1667 1159 1799 1232 viri
1833 1161 2180 1233 memoria
2208 1181 2511 1234 evanes-

270 1280 490 1363 ceret,
539 1273 690 1346 dies
720 1270 1057 1346 solennes
1095 1271 1183 1346 de
1217 1271 1375 1370 ejus
1412 1275 1704 1348 nomine
1734 1275 1970 1372 peragi
2003 1282 2073 1347 et
2110 1297 2269 1370 quae
2305 1297 2511 1348 man-

271 1391 438 1464 data
473 1391 681 1463 Grato
719 1389 808 1462 de
852 1411 1151 1464 munere
1180 1413 1308 1463 suo
1340 1389 1684 1478 ediderat,
1730 1413 1946 1464 sacrae
1984 1390 2158 1488 legis
2187 1392 2505 1480 nomine,

271 1515 430 1580 rata
467 1528 619 1580 esse
639 1505 1012 1602 jusserunt
1042 1504 1176 1605 (2).
1222 1508 1411 1592 Quin
1451 1507 1664 1580 etiam
1706 1507 1994 1595 scenici,
2042 1508 2253 1580 tantis
2291 1505 2512 1582 bene-

273 1624 460 1697 ficiis
488 1629 558 1696 et
595 1627 790 1696 tanta
817 1623 1142 1696 Cratonis
1181 1624 1374 1718 apud
1411 1645 1607 1719 reges
1639 1622 1866 1720 gratia
1913 1621 2191 1697 facilius
2236 1622 2511 1728 inducti

275 1745 484 1814 erant
551 1745 632 1812 ut
698 1738 1267 1814 deminutionem
1329 1744 1548 1813 status
1626 1736 1993 1835 popularis
2069 1744 2509 1834 paterentur.

276 1857 557 1952 Quippe
590 1856 665 1928 in
705 1854 982 1928 ultimis
1013 1855 1206 1928 illius
1237 1855 1394 1928 vitae
1438 1853 1910 1952 temporibuS,
1954 1854 2051 1928 ita
2088 1853 2397 1927 scribere
2427 1851 2517 1926 li-

276 1972 430 2045 cuit
470 1996 488 2045 :
541 2000 572 2038 «
613 1973 858 2061 Grato,
914 1969 1240 2045 sacerdos
1270 1969 1550 2066 collegii
1585 1970 1669 2044 iis
1702 1970 1828 2066 qui
1858 1970 1989 2044 suh
2024 1971 2177 2068 ipso
2217 1991 2517 2066 congre-

274 2088 420 2184 gati
460 2095 529 2162 et
571 2088 782 2184 positi
821 2092 986 2160 sunt
1024 2085 1155 2186 (3).
1199 2115 1233 2154 »

387 2204 475 2276 Ut
513 2201 702 2301 apud
725 2203 989 2301 justam
1021 2205 1400 2293 civitatem,
1442 2205 1543 2277 sic
1571 2204 1763 2302 apud
1802 2202 2157 2278 artificum
2188 2201 2511 2299 collegia,

279 2321 718 2419 legationum
769 2344 982 2396 usum
1028 2328 1100 2394 et
1144 2344 1629 2418 proxenorum
1679 2309 2199 2394 institutionem
2249 2317 2520 2416 reperi-

281 2463 473 2513 mus.
519 2439 882 2513 Proxenos
919 2438 1277 2512 artificum
1309 2438 1525 2511 fuisse
1555 2461 1594 2510 e
1634 2435 1845 2510 titulo
1875 2435 2150 2530 Rhegio
2172 2435 2323 2532 jam
2352 2432 2519 2507 licet

282 2556 630 2656 suspicari
651 2581 669 2645 ;
711 2557 828 2630 sed
861 2554 1047 2630 male
1084 2553 1420 2651 descripti
1448 2552 1707 2651 lapidis
1734 2574 1882 2626 non
1927 2551 2022 2625 ita
2050 2558 2328 2624 certum
2366 2573 2515 2626 esse

281 2673 776 2749 testimonium
827 2672 1133 2747 arbitror
1181 2671 1314 2771 (4).
1378 2670 1623 2744 Altero
1668 2678 1909 2744 autem
1960 2669 2239 2743 tollitur
2285 2669 2519 2743 omnis

284 2789 662 2879 dubitatio,
716 2791 921 2887 cujus
959 2790 1245 2865 initium
1293 2812 1504 2886 prave
1556 2788 1965 2862 restitutum
2018 2788 2093 2862 in
2143 2785 2518 2861 meliorem

235 2910 244 2921 ‘
285 2909 594 2983 formam
634 2908 868 3005 redegi
907 2906 1038 3007 (5).

768 3114 842 3193 [T
846 3112 874 3173 ὸ
901 3111 1073 3173 κοινὸν
1095 3114 1201 3172 τῶν
1235 3111 1355 3193 περὶ
1381 3110 1470 3172 τὸν
1499 3108 1650 3189 Atei-J

771 3234 862 3271 σον
889 3210 1167 3292 τεχνιτῶ]ν
1205 3213 1308 3269 τῶν
1342 3211 1415 3278 εἷς
1445 3207 1689 3289 Ἴσθ[μον

769 3309 859 3369 καὶ
886 3308 1168 3388 Ν]ε[με’]αν
1199 3306 1606 3387 συντελούν[των
1622 3348 1842 3369 ......

771 3407 1072 3477 Ζευξίππου
1100 3407 1206 3486 τὸμ
1232 3406 1504 3489 πρόξενο[ν
1531 3407 1621 3466 καὶ
1645 3406 1924 3488 εὐεργέτην

771 3509 970 3565 ἑαυτῶν
999 3503 1477 3586 Διονύσωιάρετῆς
1499 3503 1672 3565 ἕνεκεν
1700 3504 1792 3564 καὶ

774 3604 995 3678 εὐνοίας,
1024 3603 1090 3676 ἣν
1117 3602 1258 3683 ἔχων
1287 3605 1517 3663 διατελεῖ
1545 3600 1619 3670 εἷς
1643 3625 1703 3662 τε
1725 3600 1845 3670 τοὺς

777 3704 1016 3784 τεχνίτας
1044 3704 1136 3764 καὶ
1163 3708 1258 3777 τῆς
1283 3704 1358 3773 εἷς
1392 3702 1481 3763 τὸν
1511 3702 1626 3765 θεὸν
1653 3700 1939 3768 εὖσεὸείας.

396 3894 501 3967 De
525 3892 880 3990 proxeniS,
914 3892 1107 3988 quod
1143 3892 1518 3989 proprium
1554 3892 1690 3964 fuit
1736 3890 2143 3964 Graecarum
2168 3890 2530 3962 civitatum

298 4010 730 4099 institutum,
775 4007 1117 4083 disserere
1155 4031 1673 4106 supervacuum
1726 4008 1840 4095 sit,
1885 4008 2150 4104 quippe
2200 4006 2324 4103 qui
2369 4005 2531 4102 plu-

382 4276 466 4360 (1)
516 4275 744 4357 Corpus
769 4276 945 4337 inser.
975 4296 1097 4357 qr„
1127 4278 1284 4340 3068
1311 4278 1386 4354 A,
1417 4277 1464 4339 l.
1489 4278 1696 4339 23-28.

381 4375 469 4456 (2)
499 4372 726 4455 Corpus
746 4374 922 4437 inser.
945 4393 1068 4454 9r.,
1095 4374 1270 4443 3069,
1295 4371 1340 4431 l.
1364 4373 1653 4433 34-36.-
1673 4368 1757 4451 (3)
1783 4367 2007 4451 Corpus
2024 4370 2194 4430 inser.
2211 4386 2306 4447 qr.
2319 4369 2531 4443 ‚3070.

376 4468 464 4549 (4)
509 4470 738 4549 Corpus
767 4469 946 4530 inser.
976 4486 1098 4547 φη,
1132 4469 1310 4527 5762.

381 4561 466 4643 (5)
516 4562 677 4640 Keil,
709 4561 949 4642 Sylloqe
976 4561 1153 4621 inser,
1185 4558 1380 4637 boeot„
1413 4576 1473 4637 p.
1503 4561 1605 4620 80.
