3392 5500
1207 539 1525 599 -81-

248 668 534 742 adscitis
570 667 721 739 istis
752 666 1041 738 nefariis
1070 667 1541 764 adjutoribuS,
1575 668 2146 742 circumvenerit.
2179 666 2488 740 Omnino

252 791 357 857 est
380 791 616 857 autem
655 805 889 878 operae
923 784 1233 877 pretium
1263 784 1704 882 perpendere
1733 790 1803 858 et
1823 789 2142 880 spectare
2169 783 2490 856 fraudem

255 901 683 973 universam.
725 897 835 971 Ab
872 898 1106 986 initio,
1133 922 1358 995 quum
1396 924 1646 997 pacem
1684 905 2064 996 expeteret,
2100 897 2493 973 latronibus

254 1016 411 1112 ejus
438 1037 743 1111 regnum
774 1013 1278 1110 diripientibus
1298 1025 1367 1091 et
1391 1016 1651 1091 clausis
1680 1015 2138 1102 mercatibuS,
2174 1020 2252 1087 ut
2281 1013 2506 1086 nullis·

259 1132 557 1204 omnino
599 1131 745 1203 suis
792 1127 999 1204 bonis
1039 1130 1179 1202 frui
1228 1139 1491 1228 posset,
1537 1132 1732 1205 misit
1777 1132 1922 1204 huc
1974 1130 2137 1203 illos
2184 1132 2309 1228 qui
2353 1131 2505 1202 hu-

262 1270 475 1320 mana
504 1247 725 1343 ipsius
754 1246 968 1321 verba
998 1250 1515 1339 renuntiarent,
1550 1248 2122 1346 Neoptolemum,
2150 1246 2506 1321 Aristode-

264 1388 496 1455 mum,
539 1364 1071 1459 Ctesiphontem
1103 1364 1233 1464 (1).
1272 1396 1303 1435 n
1810 1366 1812 1371 ’

366 1481 538 1566 Quis
588 1480 804 1554 fuerit
856 1481 973 1553 ille
1033 1484 1449 1580 Ctesiphon,
1502 1505 1646 1558 non
1696 1482 1864 1555 satis
1917 1487 2216 1554 constat.
2267 1481 2401 1566 Qui
2449 1480 2508 1553 si

272 1599 463 1671 idem
496 1599 756 1693 estqui
797 1596 883 1670 de
925 1622 1191 1673 corona
1220 1600 1678 1674 Demostheni
1720 1597 2104 1671 tribuenda
2143 1596 2511 1671 decretum

276 1718 674 1814 proposuit,
722 1718 1091 1815 probabile
1132 1727 1237 1794 est
1276 1745 1440 1793 eum
1477 1723 1547 1793 in
1595 1719 1983 1795 referendis
2013 1716 2330 1813 Philippi
2357 1739 2513 1788 ver-

276 1833 386 1907 bis
427 1858 697 1908 errasse
736 1836 971 1931 potius
1002 1858 1216 1933 quam
1253 1860 1603 1933 peccasse.
1636 1834 2129 1909 Aristodemus
2168 1846 2415 1907 contra
2447 1840 2518 1906 et

274 1950 816 2047 Neoptolemus,
863 1952 1075 2025 ambo
1135 1952 1458 2049 tragoedi,
1518 1951 1610 2025 ob
1667 1951 1999 2048 peritiam
2049 1950 2217 2024 artis
2263 1949 2520 2045 saepius

280 2068 493 2141 etiam
536 2070 1101 2152 commemorati,
1138 2068 1402 2164 quibus
1439 2074 1732 2166 propter
1763 2068 2143 2140 artificium
2176 2067 2387 2139 etiam
2431 2064 2522 2137 ad

285 2182 547 2271 hosteS,
584 2182 787 2255 nullo
825 2183 1171 2280 periculo,
1202 2185 1304 2258 ire
1332 2185 1559 2275 licuit,
1595 2184 1892 2281 profecti
1930 2184 2004 2255 in
2034 2180 2520 2255 Macedoniam

282 2307 507 2371 artem
559 2323 757 2372 suam
801 2306 1374 2390 ostentaverunt3
1422 2310 1722 2397 uterque
1769 2324 1810 2373 a
1851 2298 2178 2395 Philippo
2216 2296 2520 2391 benigne

282 2420 615 2510 exceptus
646 2421 715 2487 et
748 2416 1073 2511 pecuniis
1111 2423 1363 2489 auctus
1392 2415 1729 2490 mandata
1767 2415 1949 2511 regis
1985 2414 2300 2486 Athenas
2328 2417 2520 2483 retu·

283 2528 458 2602 lerat
481 2587 498 2619 ,
542 2529 812 2605 scilicet
859 2532 1276 2629 Philippum
1309 2533 1725 2631 reipublicae
1756 2533 2069 2607 amicum
2104 2553 2279 2618 esse,
2327 2526 2522 2601 unde

286 2645 555 2720 sactum
594 2655 697 2721 est
744 2647 1114 2722 decretum
1156 2650 1404 2745 populi
1464 2655 1543 2722 ut
1589 2649 1679 2722 ad
1739 2670 1905 2721 eum
1961 2646 2173 2743 legati
2221 2644 2309 2719 de
2348 2668 2521 2742 pace

283 2759 735 2834 mitterentur
772 2759 903 2859 (2).
940 2764 1022 2833 In
1068 2785 1212 2857 quo
1276 2770 1517 2835 utrum
1566 2762 1701 2857 ipsi
1766 2760 2043 2857 decepti
2110 2758 2382 2831 suerint
2429 2781 2520 2831 au

282 2877 588 2972 pecunia
629 2878 819 2972 regia
854 2877 1198 2973 corrupti,
1235 2900 1377 2950 non
1412 2901 1451 2950 e
1482 2876 1919 2972 conjectura,
1959 2875 2088 2948 sed
2121 2898 2205 2948 ex
2241 2875 2525 2947 utrius-

284 3014 423 3086 que
458 2993 732 3066 ratione
762 2993 1002 3067 licebit
1041 2998 1372 3066 statuere.

384 3111 483 3182 De
545 3109 1011 3205 Neoptolemo
1090 3110 1603 3183 Demosthenes
1679 3108 1888 3205 plura
1959 3108 2171 3180 etiam
2239 3107 2510 3180 retulit:

297 3253 328 3291 «
367 3228 607 3310 Quum
641 3227 1151 3322 perspexissem
1190 3209 1741 3324 Neoptolemum
1788 3226 2131 3299 artificem
2179 3249 2306 3322 per
2350 3247 2520 3321 spe-

283 3342 466 3413 ciem
500 3342 669 3413 artis
714 3343 1163 3416 securitatem
1198 3352 1516 3431 nactum,
1558 3341 1977 3437 reipublicae
2010 3366 2176 3416 vero
2210 3342 2515 3414 maxime

281 3457 679 3551 perniciosa
720 3458 1157 3547 molientem,
1200 3482 1456 3555 resque
1496 3465 1760 3532 vestras
1801 3455 1890 3530 ad
1937 3437 2310 3532 utilitatem
2343 3456 2516 3529 Phi-

280 3572 458 3669 lippi
498 3574 1110 3648 administrantem
1166 3585 1234 3647 et
1286 3575 1430 3648 fere
1474 3575 1894 3671 fingentem,
1949 3573 2180 3670 prodii
2218 3582 2287 3646 et
2324 3572 2517 3646 vobis

282 3690 612 3783 exposui,
663 3690 878 3762 nullis
936 3691 1223 3786 privatis
1278 3689 1713 3776 inimicitiis,
1771 3688 1974 3762 nullo
2027 3688 2515 3762 calumniandi

282 3805 517 3878 studio
547 3805 924 3901 impulsuS,
956 3804 1569 3902 quemadmodum
1614 3829 1698 3878 ex
1738 3806 1824 3878 iis
1859 3828 2019 3901 quae
2051 3812 2290 3878 secuta
2319 3812 2506 3893 sunt,

284 3920 554 3994 factum
594 3929 699 3994 est
733 3922 1214 4017 perspicuum.
1266 3926 1500 4018 Atque
1552 3923 1627 3992 in
1680 3920 1795 3993 his
1834 3944 1975 3995 non
2009 3922 2158 4018 jam
2198 3923 2514 4016 Neopto-

283 4036 452 4111 lemi
486 4035 893 4111 defensores
940 4038 1288 4112 accusabo
1335 4035 1530 4136 (nam
1582 4062 1673 4111 ne
1739 4061 1925 4111 unus
1975 4038 2267 4135 quidem
2319 4035 2507 4134 suit),

284 4157 403 4226 sed
435 4176 553 4226 vos
590 4154 805 4249 ipsos,
853 4155 925 4227 Si
967 4155 1159 4227 enim
1194 4155 1268 4226 in
1310 4154 1569 4228 Bacchi
1606 4152 1872 4250 templo
1917 4152 2268 4249 tragoedos
2302 4172 2518 4249 spec-³

286 4268 579 4362 tassetiS,
626 4293 773 4344 non
807 4270 894 4344 de
924 4269 1338 4366 reipublicae
1375 4268 1882 4343 communibus
1919 4266 2130 4344 rebus
2177 4275 2245 4342 et
2289 4267 2513 4342 salute

369 4526 457 4610 (1)
488 4527 577 4591 De
603 4527 755 4590 male
781 4537 946 4609 qesta
965 4528 1271 4611 leqatione,
1300 4532 1440 4592 315.
1463 4551 1544 4577 ·--
1562 4512 1655 4611 (2)
1676 4528 1920 4602 Ibidem,
1953 4526 2354 4607 prooemium.

2195 4625 2234 4683 6
