3392 5500
1757 473 2075 532 -10-

794 625 963 676 nem
1020 608 1333 700 movent,
1399 597 1696 700 collegio
1764 606 2046 680 scenico
2102 606 2461 680 caruisse?
2520 608 2740 704 Cujus
2795 611 3029 679 tamen

798 719 1300 792 tenuissimum
1358 720 1569 794 modo
1607 722 1982 820 vestigium
2031 746 2071 794 e
2109 724 2308 797 Livio
2350 746 2599 798 eruere
2638 704 3027 820 potuimus,

710 855 716 861 ·
795 839 874 911 in
908 865 1053 940 quo
1090 840 1172 917 fit
1200 840 1470 916 mentio
1507 839 1861 914 Aristonis
1892 840 2266 938 cujusdam
2297 843 2555 917 actoris
2594 841 2864 940 tragici,
2902 839 3033 936 Sy-

794 962 1123 1036 racusani
1162 959 1356 1047 civis,
1393 958 1470 1030 in
1500 980 1583 1032 ea
1611 957 1792 1032 urbe
1825 960 2335 1034 commorantis
2366 958 2654 1059 (XXIV,
2700 959 2845 1058 14).

895 1079 965 1149 8.
1026 1074 1298 1171 Rhegii.
1356 1072 1636 1147 Titulus
1693 1076 1999 1171 pessime
2040 1074 2437 1173 descriptus
2483 1076 2661 1150 mihi
2709 1074 3027 1161 videtur3

796 1189 917 1264 sed
951 1189 1144 1265 haud
1180 1188 1400 1264 dubia
1433 1197 1538 1264 est
1577 1190 1937 1265 artificum
1967 1190 2249 1288 collegii
2292 1193 2561 1267 mentio
2600 1191 2733 1290 (1).

893 1311 966 1382 9.
1021 1306 1343 1405 Neapoli.
1402 1306 1804 1405 Collegium
1841 1307 2342 1400 tantummodo
2370 1310 2447 1383 in
2478 1308 2759 1384 duobus
2786 1330 3037 1382 recen-

793 1422 1096 1498 tioribus
1121 1423 1348 1498 titulis
1381 1424 1724 1515 occurrit,
1762 1448 2072 1522 quorum
2104 1425 2179 1498 in
2210 1449 2358 1500 uno
2385 1425 2625 1500 latinis
2660 1423 3035 1500 elementis

792 1539 1004 1615 verba
1043 1563 1240 1615 mere
1265 1564 1496 1638 graeca
1521 1542 1868 1639 inscripta
1904 1540 2203 1616 fuerunt
2235 1541 2369 1641 (2).
2408 1543 2532 1617 Est
2569 1564 2857 1648 quoque
2886 1547 3037 1616 tes-

796 1658 1098 1731 timonio
1139 1657 1434 1733 Senecae
1486 1658 1786 1756 epistola
1823 1658 1896 1731 in
1941 1681 2085 1756 qua
2124 1660 2210 1734 de
2244 1659 2513 1734 theatro
2568 1658 3036 1756 Neapolitano

799 1779 869 1849 et
909 1775 995 1849 de
1028 1775 1320 1850 musicis
1359 1775 1872 1850 certaminibus
1903 1774 2224 1873 loquitur
2252 1774 2517 1876 (Epist.
2563 1774 2709 1876 76).
2744 1774 3039 1849 Gravius

796 1889 979 1968 illud
1005 1897 1076 1967 et
1102 1893 1325 1990 magis
1365 1892 1747 1989 antiquum
1794 1891 1987 1988 quod
2029 1895 2314 1983 BrutuS‚
2350 1917 2573 1991 quum
2616 1881 2829 1966 vellet
2860 1892 3037 1965 arti-

796 2007 966 2082 fices
1015 2033 1283 2106 graecos
1345 2007 1684 2083 ludorum
1734 2031 1943 2082 causa
1998 2031 2462 2108 congregare,
2528 2008 2903 2105 Neapolim
2961 2031 3035 2082 se

797 2125 1103 2200 contulit
1132 2126 1254 2201 ubi
1287 2126 1585 2224 plurimi
1626 2125 2092 2200 versabantur
2130 2125 2263 2225 (3).
2315 2123 2520 2212 Quod
2566 2124 2950 2225 collegium
2994 2145 3035 2201 a

801 2243 1137 2318 Romanis
1171 2245 1642 2318 constitutum
1674 2242 1893 2316 fuisse
1923 2265 2073 2318 non
2098 2241 2439 2317 credibile
2464 2249 2593 2331 est,
2621 2242 2746 2315 sed
2772 2239 3030 2338 potina,

800 2364 963 2432 ante
1004 2363 1397 2434 Romanam
1441 2359 2006 2434 dominationem
2030 2359 2179 2456 Jam
2219 2359 2507 2450 florem,
2550 2358 2778 2436 serius
2822 2356 3032 2434 etiam

797 2478 1295 2574 permansisse.

896 2591 1105 2666 Nunc
1149 2617 1188 2668 e
1236 2617 1380 2692 quo
1419 2595 1801 2668 hominum
1839 2617 2101 2691 genere
2146 2595 2589 2668 constiterint
2626 2617 2707 2668 ea
2743 2587 3037 2692 collegia

803 2709 1273 2806 quaerendum
1303 2717 1433 2787 est.
1472 2715 1645 2785 Rem
1687 2732 1963 2786 sacram
1993 2734 2142 2785 non
2177 2711 2314 2785 nisi
2341 2711 2687 2808 ingenuos
2726 2712 3035 2810 attigisse

801 2832 873 2898 et
909 2827 1061 2923 ipsa
1105 2828 1282 2902 ratio
1328 2850 1457 2925 per
1481 2851 1555 2902 se
1583 2826 1855 2902 indicat
1891 2835 1960 2902 et
1992 2828 2365 2903 manifeste
2397 2827 2762 2903 declarant
2806 2851 3034 2926 quum

781 2942 1179 3039 scriptores
1217 2945 1491 3042 antiqui
1518 2950 1677 3018 tum
1715 2942 2040 3040 lapidum
2070 2944 2503 3019 testimonia.
2547 2949 2817 3043 Nempe
2847 2944 3037 3041 apud

802 3066 1118 3134 oratores
1143 3062 1392 3136 atticos
1415 3060 1654 3136 videre
1687 3066 1789 3135 est
1829 3063 2150 3137 scenicos
2176 3062 2482 3135 artifices
2509 3059 2714 3135 nullo
2749 3059 3038 3158 publico

805 3177 914 3249 vel
955 3177 1144 3251 civili
1177 3180 1344 3275 jure
1383 3178 1723 3265 caruisse,
1758 3178 1879 3253 sed
1922 3179 1999 3250 in
2028 3178 2302 3275 judicia
2337 3177 2724 3251 testimonii
2752 3176 3038 3251 dicendi

798 3316 1042 3383 causa,
1096 3294 1215 3367 vel
1273 3293 1363 3368 ad
1417 3295 1576 3367 lites
1631 3293 2102 3369 intendendas
2148 3299 2271 3368 aut
2332 3290 2783 3367 sustinendas
2828 3314 3039 3389 aequo

796 3414 958 3509 jure
1005 3410 1331 3509 prodire3
1382 3412 1631 3485 domos
1677 3418 1800 3484 aut
1858 3409 2118 3484 fundos
2163 3408 2555 3508 possedisse
2579 3435 2598 3498 ;
2652 3406 3041 3483 nonnullos

806 3530 1020 3602 etiam
1056 3528 1514 3625 amplissimis
1537 3527 1872 3625 gentibus
1900 3526 2176 3615 affineS‚
2210 3532 2287 3599 ut
2313 3525 2800 3623 Phrynichum
2831 3523 3041 3599 illum

803 3644 1210 3719 saltatorem
1262 3644 1652 3720 Andocidae
1704 3667 2149 3742 germanum.
2232 3647 2377 3717 Nec
2438 3643 2677 3716 minus
2730 3641 3043 3714 honores

806 3763 1104 3837 civitatis
1146 3762 1468 3861 adipisci,
1503 3761 1811 3859 publicis
1853 3760 2273 3836 muneribus
2311 3759 2511 3857 fungi
2542 3759 2657 3832 vel
2696 3755 3045 3855 amplissi-

803 3881 965 3971 miS,
1009 3880 1218 3955 verba
1270 3879 1501 3953 facere
1550 3871 2021 3955 >inconcione
2074 3884 2197 3951 aut
2234 3877 2310 3950 in
2349 3874 2649 3950 consilio
2689 3897 2816 3972 per
2852 3873 3044 3971 leges

798 4018 931 4071 nec
956 3997 1196 4069 minus
1223 4020 1354 4093 per
1385 3995 1767 4070 hominum
1798 3993 2211 4093 opinionem
2242 3993 2541 4067 scenicis
2581 3991 2720 4065 fuit
2753 4013 3042 4089 semper

805 4136 1250 4188 concessum.
1287 4110 1492 4212 (Vide
1522 4135 1597 4208 p.
1647 4109 1804 4209 81.)

881 4303 970 4384 (1)
1015 4299 1243 4381 Corpus
1271 4301 1448 4362 inser.
1480 4319 1604 4381 qr„
1636 4300 1820 4363 5762.

883 4396 972 4478 (2)
1013 4398 1206 4459 Sacra
1232 4393 1548 4475 synhodos
1575 4394 1838 4474 Neapoli
1868 4395 2106 4477 (Orelli,
2138 4393 2345 4475 2542).

886 4489 973 4571 (3)
1013 4489 1355 4565 Plutarch„
1386 4488 1638 4561 Brutus,
1673 4491 1777 4551 51.
