3392 5500
1347 583 1667 642 ...89-

392 736 603 787 causa
645 710 772 812 (1).
804 741 834 780 »
892 711 969 784 L.
1008 712 1275 809 Scipio,
1312 714 1561 786 collata
1602 713 1691 785 ad
1744 710 1816 783 id
1857 710 2164 807 pecunia
2209 708 2296 782 ab
2339 711 2620 807 regibus

390 828 932 925 civitatibusque
962 838 1030 901 et
1070 829 1509 926 congregatis
1546 851 1671 924 per
1698 829 1936 900 Asiam
1969 825 2384 917 artificibuS‚
2410 827 2621 901 ludos

388 970 515 1043 per
554 947 798 1019 decem
836 943 985 1017 dies
1024 945 1186 1017 fecit
1245 944 1376 1045 (2).
1434 946 1610 1033 Quae
1660 941 2062 1040 spectacula
2110 944 2388 1016 scenica
2442 943 2619 1017 adeo

390 1062 845 1159 splendorem
886 1060 1225 1134 ludorum
1258 1085 1514 1159 augere
1545 1061 1688 1134 visa
1724 1068 1891 1132 sunt
1919 1066 1997 1129 ut
2029 1059 2238 1131 etiam
2273 1059 2620 1155 gladiato-

393 1203 555 1253 rum
596 1180 880 1251 muneri
921 1179 1141 1274 quod,
1178 1180 1425 1251 mortis
1472 1201 1684 1251 causa
1732 1177 1947 1274 patris
1977 1176 2086 1249 sui
2126 1174 2319 1250 dedit
2351 1178 2428 1251 T.
2460 1177 2624 1250 Fla-

391 1298 735 1387 mininuS,
773 1296 981 1369 ludos
1020 1296 1339 1369 scenicos
1370 1295 1687 1384 adderet,
1725 1294 1815 1367 ad
1853 1318 2056 1391 quOS,
2092 1318 2357 1390 graecos
2395 1294 2622 1368 artifi-

390 1438 503 1487 ces
556 1414 969 1487 convenisse
1021 1412 1404 1485 verisimile
1456 1419 1559 1486 est
1610 1408 1742 1511 (3).
1806 1410 2211 1484 Cavendum
2267 1411 2478 1484 etiam
2534 1414 2621 1485 de

387 1529 579 1602 ludis
618 1530 848 1603 fuerat
902 1530 1519 1603 senatusconsulto
1556 1587 1573 1618 ,
1631 1534 1922 1624 propter
1984 1527 2249 1601 effusos
2299 1536 2622 1625 sumptus

388 1647 607 1720 factos
664 1647 737 1719 in
795 1645 1005 1719 ludos
1054 1647 1160 1719 Ti.
1226 1646 1625 1743 Sempronii
1690 1644 1946 1728 aedilis,
2008 1645 2133 1742 qui
2182 1668 2422 1757 graves
2473 1668 2621 1719 non

388 1763 600 1835 modo
632 1762 850 1835 Italiae
880 1786 961 1835 ac
984 1762 1191 1836 sociis
1222 1764 1452 1836 Latini
1474 1762 1810 1848 nominis,
1849 1761 1969 1833 sed
2002 1761 2213 1834 etiam
2240 1762 2622 1857 provinciis

388 1880 695 1952 externis
731 1878 1010 1952 fuerant
1051 1877 1181 1977 (4).

478 1998 814 2069 'Ceterum
848 2001 926 2068 ut
954 1996 1110 2067 haec
1142 1996 1416 2069 novitas
1447 1996 1786 2071 ludorum
1832 2020 2229 2093 graecorum
2280 1995 2459 2072 bene
2496 2018 2626 2069 ac-

386 2118 586 2206 cepta
626 2119 757 2201 est,
803 2114 901 2185 ita
934 2114 1155 2209 magis
1202 2114 1747 2210 magnificentiae
1789 2137 1997 2186 causa
2033 2112 2374 2186 inauditae
2409 2135 2623 2207 quam

382 2228 767 2324 voluptatis
819 2239 940 2302 aut
985 2231 1431 2304 scenicarum
1476 2230 1740 2302 artium
1789 2230 2004 2302 studii
2040 2229 2340 2324 placuit3
2390 2251 2624 2325 neque

390 2348 614 2442 magis
644 2347 716 2417 in
749 2348 1047 2420 scenicis
1077 2371 1291 2444 quam
1317 2348 1388 2418 in
1424 2345 1683 2419 tabulis
1716 2347 1920 2442 pictis
1951 2345 2260 2441 populus
2290 2368 2626 2418 romanus

390 2471 460 2536 et
514 2463 841 2559 plerique
889 2452 1355 2559 imperatores
1409 2462 1838 2536 intellexisse
1883 2463 2238 2534 videntur.
2288 2460 2624 2557 Lepidam

391 2577 665 2675 Polybii
712 2580 1196 2653 narrationem
1246 2602 1389 2651 non
1440 2579 1922 2675 injucundum
1971 2578 2110 2651 erit·
2149 2577 2422 2664 audire,
2484 2592 2637 2675 qua·

395 2695 697 2791 scriptor
751 2696 1047 2768 minime
1100 2696 1433 2771 Romanis
1477 2694 1835 2785 adversuS,
1897 2693 2106 2768 rudes
2157 2695 2627 2790 spectantium

399 2814 675 2886 animos
722 2821 789 2886 et
838 2813 1191 2887 artificum
1242 2812 1434 2886 haud
1509 2811 1872 2885 inficetam
1947 2814 2465 2909 impudentiam
2522 2812 2630 2886 ef-

399 2931 643 3002 finxit:

512 3043 663 3116 «L.
712 3045 1030 3134 AniciuS,
1085 3046 1325 3118 accitis
1375 3069 1414 3120 e
1454 3048 1725 3120 Graecia
1781 3047 2189 3119 clarissimis
2243 3046 2634 3119 artificibus

402 3169 903 3258 exstructaque
938 3166 1010 3233 in
1041 3162 1245 3236 Circo
1279 3162 1719 3258 amplissima.
1762 3187 1996 3250 scena,
2052 3163 2319 3258 primos
2357 3163 2633 3235 induxit

402 3276 733 3350 tibicines
766 3277 980 3349 simul
1017 3267 1292 3366 omneS,
1337 3279 1795 3353 Theodorum
1844 3279 2198 3368 Boeotum,
2232 3280 2638 3375 Theopom-

404 3417 607 3491 pum,
643 3395 1114 3489 Hermippum
1147 3417 1229 3466 ac
1258 3394 1785 3491 Lysimachum,
1825 3395 1949 3491 qui
1996 3402 2148 3467 tum
2191 3395 2403 3468 totius
2432 3397 2636 3466 Grae-

403 3510 534 3582 ciae
564 3509 1008 3583 celeberrimi
1035 3518 1281 3582 erant.
1313 3515 1482 3600 Hos,
1529 3535 1755 3607 quum
1786 3513 1858 3582 in
1888 3511 2256 3607 proscenio
2286 3512 2639 3584 statuisset

408 3649 553 3700 una
607 3649 769 3698 cum
820 3625 1065 3713 chom,
1119 3625 1331 3699 simul
1398 3649 1650 3701 canere
1702 3650 1952 3700 omnes
1987 3629 2222 3722 jussit.
2275 3627 2422 3701 Illis
2478 3649 2643 3701 vero

406 3743 775 3815 modulato
820 3749 891 3814 et
940 3764 1323 3815 numeroso
1381 3743 1766 3840 digitorum
1825 3748 2022 3816 motu
2081 3742 2286 3817 tibias
2342 3766 2648 3841 percur-

406 3857 755 3950 rentibuS,
799 3859 1107 3934 Anicius
1140 3862 1416 3956 negavit
1447 3884 1567 3934 eos
1598 3860 1782 3934 bene
1823 3883 2075 3935 canere
2120 3867 2192 3932 et
2230 3861 2450 3957 magis
2489 3853 2643 3935 cer-

408 3982 555 4048 tare
582 3975 820 4071 jussit.
858 3979 1096 4060 Quum
1126 3975 1484 4049 haererent
1528 3977 1898 4072 ancipiteS,
1951 3978 2242 4073 quidam
2283 4002 2321 4051 e
2360 3978 2644 4051 lictori-

411 4089 543 4164 bus
595 4092 1013 4188 significavit
1062 4098 1139 4164 ut
1179 4093 1255 4164 in
1295 4116 1367 4166 se
1406 4094 1595 4190 ipsos
1633 4095 1951 4168 conversi
1981 4101 2514 4186 concurrerent,
2561 4117 2642 4167 ac

494 4296 575 4379 (1)
620 4297 857 4372 Livius,
887 4298 1157 4374 XXXIX,
1191 4301 1305 4374 223
1348 4317 1514 4359 anno
1548 4303 1678 4362 186.

488 4389 573 4472 (2)
616 4389 862 4450 Ibidem.

492 4485 573 4564 (3)
616 4484 848 4558 LiviuS,
881 4484 1031 4559 XLI,
1064 4487 1161 4558 28,
1196 4503 1361 4544 anno
1392 4489 1528 4547 174.

488 4577 573 4658 (t)
615 4578 827 4638 Livius
857 4579 980 4654 XL,
1009 4582 1129 4658 443
1162 4579 1776 4642 senatusconsultum
1804 4599 1969 4642 anno
1996 4585 2110 4646 182
2133 4582 2368 4645 factum
2394 4583 2536 4645 fuit.
