3392 5500
1695 456 2014 515 ...54-

1638 726 1691 799 T
1699 724 2073 799 RAGOEDI

1342 946 1373 991 3
1496 968 1503 983 ι
1622 964 1645 984 ι,
1835 942 1862 987 4
2318 940 2348 987 5
2745 938 2775 984 6

742 1032 942 1079 Actores
1044 1029 1064 1079 I
1132 1024 1493 1121 Cassandrensis
1592 1024 1804 1075 Milesius
1859 1040 1875 1131 ι
2125 1021 2488 1118 Cassandrensis
2579 1020 2890 1115 Atheniensis

1018 1112 1061 1163 ll
1134 1111 1374 1178 Opuntius
1594 1109 1785 1160 AEtolus
2123 1108 2434 1157 Atheniensis
2579 1105 2886 1155 Atheniensis

993 1198 1061 1250 lll
1132 1196 1417 1261 Megarensis
1594 1195 1806 1245 Milesius
1859 1138 1876 1267 ς
2131 1195 2416 1261 Megarensis
2581 1192 2891 1244 Atheniensis

746 1284 968 1349 Magister
1135 1282 1337 1348 Argivus
1594 1279 1903 1331 Atheniensis
2129 1280 2436 1330 Atheniensis
2473 1284 2498 1331 4
2577 1280 2724 1329 Arcas

742 1371 945 1421 Tibicen
1138 1369 1288 1419 Chius
1726 1372 1748 1416 ξ’
2123 1366 2431 1417 Atheniensis
2466 1370 2494 1416 3
2571 1365 2764 1415 Boeotus
2802 1369 2832 1415 5

747 1528 949 1579 Actores
1049 1527 1071 1577 Ι
1140 1526 1322 1577 lstiaeus
1598 1525 1892 1577 Tarentinus
2130 1526 2438 1579 Atheniensis
2581 1524 2880 1575 Atheniensis

1024 1611 1070 1661 ΙΙ
1140 1610 1392 1661 Thessalus
1602 1612 1750 1661 Arcas
2131 1614 2357 1663 Acarnan
2584 1611 2803 1677 AEgineta

1003 1696 1073 1749 111
1141 1696 1346 1763 Argivus
1605 1697 1885 1749 Troezenius
2135 1696 2502 1748 Cassandrensis
2588 1695 2792 1745 Achaeus

752 1784 973 1851 Magister
1138 1782 1395 1849 Bosporita
1608 1783 1917 1835 Atheniensis
1951 1788 1980 1835 5
2137 1783 2416 1835 Corinthius
2585 1782 2780 1831 Boeotus

747 1869 950 1920 Tibicen
1138 1866 1444 1918 Atheniensis
1478 1871 1507 1918 5
1598 1868 1747 1917 Arcas
2128 1868 2322 1919 Boeotus
2353 1872 2384 1917 6
2581 1866 2771 1916 Boeotus

756 2026 957 2077 Antores
1053 2024 1073 2074 1
1144 2022 1353 2073 Milesius
1407 2025 1423 2135 ι
1604 2024 1860 2091 Sicyonius

1028 2107 1073 2161 ΙΙ
1140 2108 1329 2159 AEtolus
1476 2115 1505 2162 4
1602 2109 1806 2175 Argivus

1010 2193 1077 2243 ΙΙΙ
1146 2192 1355 2246 Milesius
1406 2138 1422 2254 i
1607 2194 1862 2262 Sicyonius

756 2278 976 2345 Magister
1146 2277 1457 2329 Atheniensis
1605 2277 1760 2329 Areas

752 2364 956 2415 Tibicen
1142 2362 1395 2431 Sicyonius
1605 2364 1799 2414 Boeotus

856 2575 1073 2649 Chori
1110 2576 1243 2673 ipsi
1277 2600 1406 2672 per
1440 2577 1746 2651 artifices
1785 2574 2070 2674 ejudem
2105 2574 2383 2671 collegii
2417 2575 2777 2673 procurati
2817 2574 2978 2647 fue-

760 2698 955 2782 runt,
1021 2691 1368 2790 exemplo,
1424 2694 1561 2767 nisi
1612 2692 1844 2784 fallor,
1899 2693 2135 2767 adhuc
2178 2692 2518 2766 inaudite.
2574 2692 2709 2766 Iasi
2757 2692 2972 2779 enim,

761 2831 1173 2906 quanquam
1207 2808 1358 2882 ludi
1398 2833 1524 2906 per
1558 2811 1872 2883 scenicos
1905 2810 2111 2883 Teios
2147 2799 2690 2906 peragebantur,
2723 2809 2982 2882 chorus

759 2933 998 2999 tamen
1060 2927 1371 2999 constitit
1432 2951 1471 3000 e
1530 2927 1835 3018 civibuS‚
1874 2929 2019 3000 ‘nec
2075 2927 2150 3000 in
2199 2949 2282 3000 eo
2340 2923 2736 3023 quidquam
2791 2925 2984 2998 aliud

759 3040 1113 3139 agendum
1155 3042 1290 3115 fuit
1324 3043 1507 3117 Teiis
1537 3067 1754 3141 quam
1787 3050 1864 3117 ut
1902 3041 2322 3116 saltantibus
2354 3042 2786 3116 accinerent.
2811 3041 2986 3113 Aliis

762 3181 1049 3256 quoque
1084 3159 1158 3230 in
1207 3157 1633 3249 civitatibuS,
1689 3165 2038 3255 quantum
2083 3183 2120 3232 e
2159 3156 2624 3254 scriptoribus
2659 3163 2782 3230 aut
2825 3180 2989 3232 mo-

763 3274 1129 3347 numentis
1190 3273 1563 3362 novimuS,
1634 3273 1861 3348 civilis
1916 3297 2191 3371 semper
2243 3274 2502 3348 mansit
2557 3273 2820 3346 chorus
2865 3297 2992 3369 per

763 3413 978 3486 quem
1044 3390 1286 3462 civitas
1332 3391 1483 3486 ipsa
1535 3388 1846 3464 debitam
1909 3414 2073 3488 erga
2119 3392 2289 3464 deos
2340 3391 2672 3486 pietatem
2721 3389 2990 3464 solvere

766 3504 1209 3580 censebatur.
1283 3508 1363 3578 In
1418 3505 1709 3580 Soteriis
1746 3531 1939 3597 vero,
1997 3530 2144 3581 non
2195 3504 2407 3580 modo
2447 3528 2595 3579 non
2641 3529 2680 3578 e
2722 3503 2993 3578 civibus

770 3622 1035 3695 chorus
1076 3620 1469 3712 constabat,
1508 3622 1634 3696 sed
1662 3647 1755 3696 ne
1782 3646 1972 3696 unus
2009 3622 2300 3719 quidem
2335 3622 2656 3718 Delphus
2691 3620 2986 3694 saltavit.

772 3737 1154 3810 Choreutae
1210 3739 1413 3833 pueri
1456 3763 1494 3810 e
1541 3739 1832 3812 diversis
1873 3738 2278 3836 regionibus
2335 3738 2738 3836 congregati
2795 3744 2992 3811 erant

770 3857 841 3924 et
900 3852 1241 3948 exemplis
1302 3852 1780 3927 demonstravi
1837 3877 1998 3941 eOS,
2060 3855 2134 3928 in
2196 3841 2491 3952 collegio
2549 3853 2992 3928 scenicorum

773 3968 1155 4056 institutOS,
1197 3970 1456 4042 versari
1495 3971 1722 4044 solere
1759 3994 2195 4070 operamque
2235 3973 2383 4069 jam
2427 3996 2468 4045 a
2504 3971 2754 4068 primis
2791 3970 2994 4043 annis

776 4085 873 4157 rei
912 4086 1213 4158 scenicae
1254 4085 1577 4182 proebere
1604 4085 1789 4184 (vide
1817 4112 1890 4184 p.
1935 4086 2078 4186 13).

864 4200 1184 4273 Alterum
1236 4226 1459 4298 genus
1518 4203 1655 4275 fuit
1705 4203 2040 4278 ludorum
2099 4203 2188 4276 ad
2243 4228 2422 4299 quos
2478 4213 2598 4277 aut
2656 4204 2990 4277 festorum

774 4314 1103 4390 nobilitas
1141 4325 1265 4391 aut
1300 4320 1764 4416 praemiorum
1802 4320 2196 4416 amplitudo
2236 4321 2580 4417 plurimos
2617 4320 2919 4394 artifices
2955 4343 2990 4391 e

774 4431 1067 4505 diversis
1094 4433 1409 4531 collegiis
1448 4435 1826 4510 alliciebat.
1869 4439 1948 4508 ln
1990 4437 2099 4508 his
2136 4461 2296 4510 vere
2330 4437 2729 4513 certabatur
2766 4445 2834 4511 et
2871 4460 2992 4511 no-
