3392 5500
926 695 1120 798 DE
1205 689 2010 801 COLLEGIIS

423 1028 1480 1162 SCENICORUM
1592 1029 2509 1161 ARTIFICUM

1041 1431 1050 1438 ·
1082 1389 1346 1480 APUD
1403 1397 1840 1480 GRAECOS.

1355 2162 1401 2218 2¹·

1442 2231 1471 2302 1
1481 2284 1496 2302 .

435 2453 626 2533 Quo
659 2451 914 2516 ‘luerit
948 2459 1073 2514 rei
1111 2455 1442 2516 mentone
1483 2459 1711 2530 apud
1754 2457 2072 2516 umens
2112 2455 2466 2514 conditio
2480 2489 2502 2525 ‚

881 2571 979 2614 ex
1017 2557 1644 2616 Atheniensi-un
1679 2557 2003 2626 lenibus
2016 2552 2057 2611 t

446 2768 618 2851 Quae
649 2762 912 2836 fuerint
939 2760 1128 2860 apud
1161 2766 1442 2836 Graecos
1483 2761 1929 2837 scenicorum
1976 2760 2329 2837 artificum
2365 2758 2582 2837 colle-

343 2877 458 2974 gia
487 2878 845 2974 disputare
883 2899 1208 2974 aggresso
1241 2877 1550 2975 origines
1579 2878 1750 2951 artis
1778 2878 2079 2951 scenicae
2110 2878 2355 2975 paucis
2392 2900 2587 2974 repe·

345 3001 495 3068 tere
522 3016 805 3067 necesse
829 2999 957 3067 est.
986 2993 1204 3091 Cujus
1241 2994 1477 3091 ipsum
1510 2994 1871 3067 Bacchum
1900 3000 2336 3091 repertorem
2367 2992 2584 3066 fuisse

345 3108 633 3183 tradidit
668 3109 1080 3205 antiquitaS,
1115 3117 1183 3183 et
1213 3110 1289 3183 in
1321 3110 1596 3183 Graeeia
1623 3134 1753 3207 per
1784 3133 2037 3183 omnes
2062 3108 2268 3184 licuit
2295 3110 2583 3185 artifici·

344 3224 478 3300 bus
521 3249 932 3301 consecrare
963 3226 1269 3323 origines
1307 3250 1496 3317 susm,
1540 3234 1617 3301 ut
1655 3250 1823 3300 cum
1854 3226 2049 3301 Livio
2080 3226 2485 3324 loquamur,
2512 3234 2585 3301 et

346 3345 432 3419 ad
475 3346 689 3419 deum
732 3344 994 3419 referre
1025 3350 1414 3419 auctorem.
1457 3344 1890 3441 Quicunque
1936 3345 2411 3419 recentiorum
2443 3369 2584 3419 an-

345 3462 746 3558 tiquitatem
805 3460 1217 3556 attigerunt,
1263 3460 1723 3535 consentiunt
1777 3484 1924 3534 rem
1990 3458 2339 3533 ludicram
2392 3459 2585 3558 apud
2638 3487 2645 3495 ·

346 3581 625 3652 Graecos
652 3575 932 3652 colendi
961 3576 1281 3649 numinis
1309 3599 1519 3649 causa
1557 3600 1708 3650 esse
1739 3576 2097 3651 inventam
2136 3584 2205 3649 et
2241 3577 2463 3675 magis
2494 3576 2582 3651 ad

345 3692 646 3768 deorum
683 3692 992 3784 honores
1039 3699 1108 3765 et
1153 3693 1243 3766 ad
1281 3693 1580 3766 civitatis
1632 3693 2047 3789 religionem
2093 3718 2308 3791 quam
2349 3693 2436 3769 ad
2468 3720 2584 3770 vo·

346 3806 689 3906 l-uptatem
718 3810 1100 3885 hominum
1131 3809 1586 3905 pertinuisse.

443 3926 674 4023 Hujus
732 3925 1041 4023 publicae
1099 3922 1464 4021 religionis
1522 3929 1718 3997 tanta
1764 3923 1867 3995 vis
1923 3925 2187 3997 exstitit
2250 3933 2583 4025 tantaque

345 4041 761 4116 Graecorum
795 4042 868 4114 in
911 4041 1302 4116 retinendis
1335 4040 1689 4138 majorum
1723 4040 2064 4114 institutis
2097 4042 2319 4137 pietas
2350 4050 2425 4115 ut
2469 4068 2581 4118 res

345 4160 651 4248 scenica,
688 4159 900 4235 etiam
940 4182 1165 4255 quum
1207 4181 1246 4231 a
1283 4157 1581 4255 pristino
1627 4156 1882 4230 Bacchi
1929 4155 2125 4230 cultu
2169 4156 2261 4230 ad
2290 4158 2427 4231 alia
2457 4160 2578 4233 de-

344 4276 745 4350 clinavisset
782 4283 876 4364 et,
932 4278 1194 4349 omisso
1236 4276 1392 4363 dec,
1427 4272 1516 4348 ad
1556 4274 1872 4349 humana
1908 4276 2267 4372 quaedam,
2312 4284 2380 4350 et
2419 4280 2580 4375 qui-

349 4396 508 4469 dem
552 4418 701 4468 non
738 4394 834 4466 ita
869 4394 1012 4490 pia,
1054 4414 1391 4467 conversa
1424 4398 1633 4483 esset,
1671 4394 1985 4490 antiquae
2018 4392 2381 4490 religionis
2418 4419 2583 4469 me-

346 4513 576 4588 moria
613 4517 1019 4587 consecrata
1054 4510 1376 4609 viguerit.
1429 4510 1648 4608 Cujus
1700 4511 1802 4583 rei
1851 4510 2111 4607 insigni
2152 4509 2583 4589 documento

2272 4628 2301 4691 Ι
