3392 5500
1263 587 1578 646 -33-

303 720 702 814 patrocinio
735 720 1155 818 gloriantur.
1189 721 1341 792 Jam
1373 718 1620 792 omnia
1647 716 1741 790 ad
1766 723 2030 790 coetum
2075 741 2285 790 suum
2329 719 2540 813 perti-

304 837 552 910 nentia
579 859 724 912 non
765 837 1268 914 communibus
1298 859 1536 910 rerum
1569 835 1958 923 vocabulis,
1986 835 2111 908 sed
2148 834 2362 908 sacris
2403 859 2538 930 ap-

303 951 619 1049 pellant3
654 935 1246 1051 non'collegium,
1291 951 1416 1026 sed
1447 975 1727 1026 sacrum
1759 950 2180 1048 collegium;
2214 973 2362 1024 non
2398 950 2534 1038 lex,

307 1067 436 1170 sed
477 1093 691 1167 ειειωᾙ,ι
712 1070 824 1145 lex
871 1071 1161 1158 dicitur3
1226 1072 1282 1143 si
1335 1069 1498 1166 quis
1555 1067 1827 1165 aliquid
1876 1070 2195 1143 muneris
2232 1067 2535 1158 confert,

306 1208 456 1274 non
507 1187 650 1274 dat,
704 1185 825 1260 sed
869 1195 1256 1262 consecrat.
1297 1188 1430 1258 Res
1468 1207 1755 1281 quoque
1796 1207 1961 1257 cum
2002 1185 2322 1259 oratione
2357 1207 2542 1258 con-

305 1309 598 1399 gruunt.
643 1306 874 1376 Suum
919 1305 1183 1401 cuique
1211 1302 1508 1399 collegio
1538 1301 1889 1397 templum
1910 1307 2153 1398 τέμενος
2183 1300 2313 1399 (sic
2346 1301 2541 1376 enim
2608 1335 2613 1338 ·

309 1419 577 1493 dicitur
615 1418 998 1493 aedificium
1051 1421 1128 1492 in
1163 1443 1306 1516 quo
1343 1419 1533 1492 coire
1570 1418 1831 1514 solent)
1872 1420 2014 1514 ,(1);
2060 1419 2149 1492 ad
2187 1417 2381 1515 quod
2420 1443 2543 1492 or-

307 1537 636 1610 nandum
694 1536 888 1610 festis
938 1533 1190 1610 diebus
1234 1536 1476 1633 magni
1526 1541 1853 1630 sumptus
1902 1534 2401 1632 erogabantur.
2466 1539 2547 1608 In

307 1655 475 1741 hoc,
520 1653 922 1732 communis
950 1651 1349 1750 erigebatur
1378 1652 1735 1726 artificum
1766 1675 1911 1740 ara,
1948 1657 2151 1742 ἑστία,
2194 1650 2281 1726 ad
2331 1675 2546 1749 quam

310 1769 727 1844 solenniter·
779 1770 1170 1866 agebantur
1223 1776 1382 1843 vota
1441 1775 1525 1842 et.
1566 1767 1949 1842 libationes
2019 1768 2151 1867 (2).
2204 1768 2547 1843 Additum

311 1889 557 1977 sacriS,
598 1895 679 1960 ut
713 1910 867 1960 mos
907 1895 1035 1977 est,
1073 1887 1475 1962 convivium
1505 1887 1582 1959 in
1618 1909 1789 1983 quo,
1826 1893 2201 1982 postquam
2240 1909 2367 1982 per
2401 1911 2551 1965 mar

312 2004 650 2100 gistratus
679 2002 986 2078 libatum
1030 2003 1284 2092 fuerat,
1332 2001 1796 2077 revocabatur
1842 2003 2187 2076 memoria
2230 2004 2547 2077 virorum

313 2119 440 2213 qui
489 2118 576 2190 de
637 2117 933 2214 collegio
981 2117 1165 2191 bene
1230 2119 1466 2192 meriti
1529 2123 1731 2192 erant
1790 2116 1920 2215 (3).
1972 2119 2115 2190 Nec
2152 2117 2549 2214 quidquam

307 2233 704 2307 artificibus
725 2232 1158 2308 laudabilius
1185 2236 1416 2308 visum
1438 2234 1573 2307 fuit
1609 2257 1842 2331 neque
1877 2234 1953 2306 in
1982 2233 2281 2308 decretis
2313 2235 2549 2307 ullum

305 2351 578 2448 gratius
606 2356 1049 2424 memoratur
1077 2349 1512 2424 beneficium
1549 2373 1766 2447 quam
1803 2350 2025 2445 pietas
2062 2373 2228 2446 erga
2269 2349 2440 2424 deos
2478 2357 2551 2422 et

306 2459 412 2541 in
445 2467 660 2541 sacris
713 2467 1184 2565 procurandis
1243 2465 1612 2562 diligentia
1667 2471 1738 2539 et
1801 2466 2295 2541 munificentia
2340 2457 2559 2561 (vide

305 2610 382 2682 p.
425 2565 569 2682 3&
613 2586 814 2660 Adeo
844 2584 1034 2682 apud
1077 2589 1358 2658 Graecos
1393 2583 1648 2658 divinae
1678 2583 1972 2680 originis
2001 2584 2349 2658 memoria
2375 2585 2549 2657 huic

304 2700 441 2775 arti
479 2701 767 2799 penitus
800 2701 1087 2775 inhaesit
1131 2707 1207 2773 ut
1225 2722 1472 2797 neque
1503 2699 1847 2797 temporis
1888 2700 2379 2791 diuturnitate,
2425 2726 2547 2776 ne-

305 2841 448 2915 que
497 2842 738 2891 rerum
780 2818 1168 2892 mutatione
1214 2816 1591 2892 obliterata
1632 2826 2103 2907 evanesceret,
2149 2818 2272 2892 sed
2311 2818 2399 2893 ab
2435 2820 2549 2893 his

309 2934 630 3035 collegiis
660 2941 993 3009 renovata
1020 2934 1110 3006 ad
1129 2934 1501 3029 antiquam
1522 2932 1947 3031 religionem
1974 2934 2195 3031 magis
2223 2941 2291 3009 et
2322 2936 2546 3032 magis

305 3057 653 3147 spectaret
702 3057 938 3148 atque,
989 3051 1356 3123 sanctitate
1401 3051 1721 3125 numinis
1770 3052 2118 3141 auctoris,
2170 3051 2343 3147 ipsae
2403 3074 2537 3140 reS,

302 3168 438 3264 ipsi
479 3167 825 3241 homines
881 3174 1497 3261 consecrarentur.
1559 3170 1658 3241 De
1708 3192 1850 3264 quo
1898 3193 1989 3242 ne
2050 3168 2330 3243 dubites
2370 3169 2540 3243 bina

303 3284 896 3379 Amphictionum
935 3282 1218 3359 decreta
1256 3282 1674 3374 admonent,
1718 3308 1946 3382 quum
1978 3285 2085 3360 bis
2106 3285 2293 3362 illud
2334 3312 2543 3361 com-

303 3424 524 3473 mune
561 3402 854 3497 Graeciae
897 3400 1276 3475 consilium
1308 3400 1611 3475 artifices
1639 3426 1865 3475 sacros
1890 3403 2221 3499 appellet.

405 3520 772 3615 Praecipua
813 3543 1006 3608 sane,
1059 3526 1138 3591 ut
1178 3518 1371 3616 apud
1423 3520 1877 3616 Dionysiacos
1918 3520 2245 3611 artifices,
2282 3524 2539 3597 Bacchi

302 3635 480 3711 festa
496 3662 516 3724 ;
575 3636 774 3709 hunc
821 3649 1204 3732 patronum
1251 3661 1463 3713 suum
1506 3626 1576 3712 e't
1622 3637 1999 3733 praesidem
2072 3649 2529 3738 nuncupant3

303 3752 527 3849 hujus
585 3751 930 3826 sacerdoti
981 3753 1366 3849 primarius
1399 3754 1475 3827 in
1521 3752 1821 3850 collegio
1871 3754 2109 3847 locus;
2182 3755 2259 3827 in
2314 3756 2537 3855 hujus

302 3869 457 3945 aede
515 3877 970 3967 exponuntur
1024 3892 1251 3965 quum
1310 3871 1533 3944 incisa
1603 3872 1938 3943 marmori
2007 3869 2309 3961 decreta,
2381 3880 2531 3947 tum

303 3987 515 4084 pictae
555 3993 676 4060 aut
713 4010 934 4060 aeneae
974 3985 1506 4061 benefactorum
1555 3987 1845 4083 effigies.
1896 3991 1979 4061 In
2031 3988 2247 4086 hujus
2289 3982 2573 4065 hono-'

302 4128 484 4196 rem,
535 4109 793 4201 praeter
828 4101 1200 4200 Dionysia,
1257 4128 1420 4202 quae
1475 4106 1890 4179 communia
1943 4112 2110 4179 sunt
2172 4108 2527 4201 omnium,

379 4403 466 4483 (1)
509 4384 738 4480 Corpus
755 4397 930 4461 inser.
948 4419 1068 4479 qr„
1083 4398 1323 4477 3069,1.
1339 4400 1410 4461 31
1423 4400 1813 4478 .—Fouca.rt,
1834 4399 1986 4464 titul.
2003 4401 2225 4466 laudat.
2233 4452 2251 4484 ,
2266 4406 2311 4468 1.
2327 4410 2531 4475 16-20.

380 4498 467 4578 (2³.)
519 4496 880 4571 AthenaeUS,
913 4496 990 4570 V,
1020 4513 1082 4573 p.
1113 4496 1256 4556 212.

341 4610 348 4615 ·
382 4592 467 4673 (3)
513 4590 740 4671 Corpus
768 4589 944 4649 inser.
974 4607 1099 4667 qr„
1131 4591 1290 4652 3068
1317 4590 1392 4666 A,
1425 4586 1469 4649 1.
1501 4591 1611 4665 213
1643 4592 1801 4653 3068
1828 4592 1898 4666 Β,
1932 4590 1976 4651 l.
2014 4596 2106 4655 16.

2218 4690 2253 4751 3
