3392 5500
1845 583 1924 596 -.
1966 555 2041 613 36
2085 585 2163 598 .-

983 685 1398 759 Secundum
1427 684 1624 775 (1003,
1651 685 1948 780 plurimi
1978 708 2231 783 regum
2258 687 2595 770 honoreS,
2632 707 2777 756 non
2818 681 3107 755 humani

886 801 1118 876 solum
1150 802 1272 876 sed
1301 801 1508 875 etiam
1539 802 1788 892 divini,
1847 803 2186 900 pessime,
2226 802 2351 876 sed
2384 802 2639 874 usitato
2678 799 2872 896 apud
2899 799 3107 874 victos

882 918 1168 992 Graecos
1195 918 1626 992 adulationis
1663 941 1949 1015 genere,
1999 919 2329 992 homines
2366 919 2442 990 in
2480 916 2706 1014 gratia
2744 915 3107 990 referenda

877 1042 1000 1109 aut
1029 1036 1414 1132 quaerenda
1452 1033 1900 1109 immodicos·
1938 1034 2161 1108 Effusi
2192 1041 2432 1109 autem
2471 1033 2777 1108 artifices
2821 1033 3107 1108 fuerunt

876 1148 949 1220 in
990 1150 1339 1224 honorem
1373 1173 1624 1247 regum
1659 1151 2287 1248 Pergamenorum.
2332 1149 2693 1228 Sacrificia
2726 1151 2919 1225 enim
2956 1173 3106 1247 per-

875 1268 986 1363 agi
1021 1266 1338 1342 solebant
1379 1293 1526 1342 non
1567 1269 1704 1343 diis
1740 1269 2012 1358 solum,
2060 1269 2185 1342 sed
2224 1267 2507 1366 regibus
2562 1281 2898 1343 eteorum
2936 1292 3099 1344 uxo·

875 1383 1070 1458 ribus
1099 1397 1168 1458 et
1195 1383 1531 1460 fratribus
1553 1386 1737 1484 regis
1768 1379 2146 1474 Eumenis3
2190 1384 2524 1460 laudatur
2550 1386 2624 1458 in
2662 1385 2878 1460 sacris
2916 1385 3097 1460 faci-

871 1499 1071 1574 endis
1103 1502 1326 1596 pietas
1349 1503 1733 1577 sacerdotis
1756 1526 1922 1600 erga
1948 1504 2117 1576 deos
2142 1508 2211 1578 et
2234 1525 2432 1599 reges
2465 1500 2597 1600 (1).
2623 1505 2722 1575 De
2740 1503 3099 1576 sacerdote

873 1618 1210 1692 Eumenis
1251 1623 1319 1690 et
1365 1618 1499 1690 vivi
1563 1629 1632 1693 et
1678 1617 2000 1694 defuncti
2044 1618 2193 1714 jam
2234 1612 2502 1690 me'ntio
2544 1616 2725 1690 facta
2762 1623 2868 1690 est
2919 1616 3100 1715 (vide

869 1758 942 1830 p.
989 1733 1140 1833 20).
1181 1735 1370 1821 Quin
1406 1737 1644 1826 etiam,
1686 1742 1767 1808 ut
1803 1735 2027 1831 ipsius
2063 1734 2344 1823 Bacchi,
2382 1734 2480 1806 ita
2510 1734 2689 1830 regis
2718 1733 2868 1809 dies
2906 1757 3100 1808 sacra

865 1875 1031 1926 cum
1061 1876 1323 1950 pompa
1362 1854 1686 1927 instituta
1739 1852 1893 1926 fuit.
1952 1855 2096 1925 Nec
2142 1851 2381 1924 minor
2419 1849 2699 1947 collegii
2744 1873 2911 1948 erga
2966 1850 3098 1926 fra-

862 1974 1041 2042 trem
1107 1968 1419 2043 Attalum
1480 1993 1611 2042 nec
1651 1967 1874 2064 magis
1922 1967 2321 2040 verecunda
2379 1963 2626 2062 pietas.
2686 1968 2967 2063 Quippe
3022 1969 3093 2040 in

859 2084 1011 2181 ejus
1079 2085 1441 2188 ‚honorem
1539 2083 1766 2159 aedem
1867 2083 2145 2166 theatro
2231 2084 2640 2180 contiguam
2733 2081 3093 2159 dedicave-

858 2207 1026 2273 runt
1061 2198 1196 2298 (2),
1253 2209 1321 2274 01
1363 2201 1754 2276 solenniter
1810 2202 2201 2276 certamina
2242 2202 2397 2296 ejus
2448 2200 2740 2274 nomine
2793 2205 3091 2276 commi-

860 2326 1106 2393 serunt
1163 2318 1294 2419 (3).
1348 2320 1535 2394 Illud
1589 2321 1927 2394 ultimum
1986 2319 2147 2408 fuit,
2200 2319 2422 2415 quod,
2482 2319 2804 2416 neglecto
2858 2323 3090 2416 prisco

854 2434 1116 2509 Bacchi
1182 2436 1604 2533 patrocinio,
1685 2436 2176 2510 Attalistarum
2257 2457 2521 2509 nomen
2544 2488 2564 2526 ‚
2658 2436 3089 2515 concedente

850 2576 1042 2650 rege,
1079 2555 1215 2653 sibi
1246 2561 1787 2652 assumpserunt
1814 2552 1945 2652 (4).

947 2673 1197 2744 Cetera
1239 2671 1536 2769 collegia
1580 2694 1726 2745 non
1780 2673 2021 2746 minus
2064 2669 2368 2744 demisso
2418 2693 2585 2768 erga
2623 2694 2821 2769 reges
2868 2674 3082 2771 Syriae

850 2794 920 2860 et
973 2788 1254 2884 AEgypti
1319 2789 1558 2864 animo
1625 2788 1841 2863 fuisse
1896 2787 2277 2861 verisimile
2340 2795 2497 2875 est,
2570 2813 2797 2885 quum
2870 2792 3082 2865 etiam

847 2902 1137 2993 horum,
1193 2912 1274 2977 111
1323 2905 1622 2979 deorum
1669 2905 2237 2997 benefactorum,
2280 2928 2543 2983 nomen
2596 2928 2763 2979 cum
2820 2906 3078 2981 Bacchi

845 3020 1137 3092 nomine
1166 3076 1183 3111 ‚
1236 3020 1586 3141 sodalitati
1643 3047 1789 3095 suae
1850 3021 2213 3118 praescribi
2283 3022 2588 3095 artifices
2651 3024 2864 3121 Cypri
2918 3032 3079 3097 stu-

843 3134 1127 3211 duerint
1171 3142 1297 3233 (5).

921 3313 1004 3397 (1)
1053 3315 1276 3398 Corpus
1304 3323 1482 3379 inser.
1517 3339 1640 3399 qr„
1675 3320 1855 3395 3067,
1890 3318 1934 3379 l.
1968 3323 2081 3393 13;
2117 3319 2275 3381 3068
2302 3320 2373 3393 Β,
2410 3319 2454 3379 l.
2486 3322 2548 3381 8.

919 3413 1000 3485 (2)
1049 3410 1272 3492 Corpus
1301 3413 1480 3488 inser.
1510 3434 1631 3494 φη,
1660 3415 1839 3483 3069,
1870 3412 1912 3473 l.
1947 3414 2043 3474 20.

915 3504 1000 3583 (3)
1041 3508 1126 3567 Le
1154 3508 1274 3568 Bas
1303 3514 1364 3569 et
1385 3508 1839 3587 Waddington‚
1870 3506 2059 3567 Inscr.
2092 3506 2591 3583 d'Asie-Mineure,
2625 3511 2723 3570 93.

920 3597 1003 3677 (4)
1046 3598 1269 3681 Corpus
1297 3602 1472 3663 inser.
1497 3622 1620 3683 922,
1648 3604 1828 3665 3069.

917 3690 1002 3771 (5)
1047 3692 1272 3774 Corpus
1298 3696 1472 3757 inser.
1515 3716 1641 3777 qr„
1680 3698 1863 3759 2620.
1902 3728 1983 3743 —
2008 3696 2091 3769 Le
2118 3697 2236 3757 Bas
2275 3700 2337 3756 et
2375 3696 2825 3777 Waddington‚
2872 3696 3054 3759 Inscr.

836 3784 1352 3863 d’Asie-Mineure‚
1389 3794 1566 3853 2794.
